%% This BibTeX bibliography file was created using BibDesk.
%% http://bibdesk.sourceforge.net/


%% Created for Duco at 2013-06-10 11:24:33 +0200 


%% Saved with string encoding Unicode (UTF-8) 



@article{Petersmann:2011,
	Author = {Petersmann, Ernst-Ulrich},
	Date-Added = {2013-06-05T18:53:02GMT},
	Date-Modified = {2013-06-08 10:27:54 +0000},
	File = {{2011 Petersmann.pdf:/Users/duco/Dropbox/Papers2/Articles/2011/Petersmann/2011 Petersmann.pdf:application/pdf}},
	Journal = {Asian J. WTO {\&} Int'l Health L {\&} Pol'y},
	Local-Url = {file://localhost/Users/duco/Dropbox/Papers2/Articles/2011/Petersmann/2011%20Petersmann.pdf},
	Month = jan,
	Pages = {45},
	Publisher = {HeinOnline},
	Rating = {0},
	Read = {Yes},
	Title = {{Future of the WTO: From Authoritarian Mercantilism to Multilevel Governance for the Benefit of Citizens, The}},
	Uri = {\url{papers2://publication/uuid/77DEC33C-1273-4C27-BD33-66EE07445001}},
	Url = {http://heinonline.org/HOL/Page?handle=hein.journals/aihlp6&div=5&g_sent=1&collection=journals},
	Volume = {6},
	Year = {2011},
	Bdsk-File-1 = {YnBsaXN0MDDUAQIDBAUGJCVYJHZlcnNpb25YJG9iamVjdHNZJGFyY2hpdmVyVCR0b3ASAAGGoKgHCBMUFRYaIVUkbnVsbNMJCgsMDxJXTlMua2V5c1pOUy5vYmplY3RzViRjbGFzc6INDoACgAOiEBGABIAFgAdccmVsYXRpdmVQYXRoWWFsaWFzRGF0YV8QQi4uLy4uL0Ryb3Bib3gvUGFwZXJzMi9BcnRpY2xlcy8yMDExL1BldGVyc21hbm4vMjAxMSBQZXRlcnNtYW5uLnBkZtIXCxgZV05TLmRhdGFPEQHiAAAAAAHiAAIAAAxNYWNpbnRvc2ggSEQAAAAAAAAAAAAAAAAAAADMpuKySCsAAAA2dKITMjAxMSBQZXRlcnNtYW5uLnBkZgAAAAAAAAAAAAAAAAAAAAAAAAAAAAAAAAAAAAAAAAAAAAAAAAAAAAAAAAAAADZ0o83VWTkAAAAAAAAAAAACAAYAAAkgAAAAAAAAAAAAAAAAAAAAClBldGVyc21hbm4AEAAIAADMpsaSAAAAEQAIAADN1T0ZAAAAAQAcADZ0ogA2a/8ANmv+ADaHvQAP42IACPC/AAIGOwACAFtNYWNpbnRvc2ggSEQ6VXNlcnM6AGR1Y286AERyb3Bib3g6AFBhcGVyczI6AEFydGljbGVzOgAyMDExOgBQZXRlcnNtYW5uOgAyMDExIFBldGVyc21hbm4ucGRmAAAOACgAEwAyADAAMQAxACAAUABlAHQAZQByAHMAbQBhAG4AbgAuAHAAZABmAA8AGgAMAE0AYQBjAGkAbgB0AG8AcwBoACAASABEABIAR1VzZXJzL2R1Y28vRHJvcGJveC9QYXBlcnMyL0FydGljbGVzLzIwMTEvUGV0ZXJzbWFubi8yMDExIFBldGVyc21hbm4ucGRmAAATAAEvAAAVAAIAC///AACABtIbHB0eWiRjbGFzc25hbWVYJGNsYXNzZXNdTlNNdXRhYmxlRGF0YaMdHyBWTlNEYXRhWE5TT2JqZWN00hscIiNcTlNEaWN0aW9uYXJ5oiIgXxAPTlNLZXllZEFyY2hpdmVy0SYnVHJvb3SAAQAIABEAGgAjAC0AMgA3AEAARgBNAFUAYABnAGoAbABuAHEAcwB1AHcAhACOANMA2ADgAsYCyALNAtgC4QLvAvMC+gMDAwgDFQMYAyoDLQMyAAAAAAAAAgEAAAAAAAAAKAAAAAAAAAAAAAAAAAAAAzQ=},
	Bdsk-Url-1 = {http://heinonline.org/HOL/Page?handle=hein.journals/aihlp6&div=5&g_sent=1&collection=journals}}

@techreport{Lindeque:2012,
	Author = {Lindeque, Johan},
	Date-Added = {2013-06-05T18:53:02GMT},
	Date-Modified = {2013-06-08 10:27:54 +0000},
	Month = jan,
	Rating = {0},
	Title = {{Interview Protocol v1.1}},
	Uri = {\url{papers2://publication/uuid/418F9F81-FD53-440C-8A95-05432D2BCB2F}},
	Year = {2012}}

@article{Meyer:2009,
	Author = {Meyer, Klaus E and Estrin, Saul and Bhaumik, Sumon Kumar and Peng, Mike W},
	Date-Added = {2013-06-05T18:53:02GMT},
	Date-Modified = {2013-06-08 10:27:54 +0000},
	File = {{Strat. Mgmt. J. 2009 Meyer.pdf:/Users/duco/Dropbox/Papers2/Articles/2009/Meyer/Strat. Mgmt. J. 2009 Meyer.pdf:application/pdf}},
	Journal = {Strategic Management Journal},
	Local-Url = {file://localhost/Users/duco/Dropbox/Papers2/Articles/2009/Meyer/Strat.%20Mgmt.%20J.%202009%20Meyer.pdf},
	Month = jan,
	Number = {1},
	Pages = {61--80},
	Publisher = {Wiley Online Library},
	Rating = {0},
	Title = {{Institutions, resources, and entry strategies in emerging economies}},
	Uri = {\url{papers2://publication/uuid/481952F6-4E88-4A91-A772-F00EC6AE75D6}},
	Url = {http://onlinelibrary.wiley.com/doi/10.1002/smj.720/abstract},
	Volume = {30},
	Year = {2009},
	Bdsk-File-1 = {YnBsaXN0MDDUAQIDBAUGJCVYJHZlcnNpb25YJG9iamVjdHNZJGFyY2hpdmVyVCR0b3ASAAGGoKgHCBMUFRYaIVUkbnVsbNMJCgsMDxJXTlMua2V5c1pOUy5vYmplY3RzViRjbGFzc6INDoACgAOiEBGABIAFgAdccmVsYXRpdmVQYXRoWWFsaWFzRGF0YV8QSC4uLy4uL0Ryb3Bib3gvUGFwZXJzMi9BcnRpY2xlcy8yMDA5L01leWVyL1N0cmF0LiBNZ210LiBKLiAyMDA5IE1leWVyLnBkZtIXCxgZV05TLmRhdGFPEQIAAAAAAAIAAAIAAAxNYWNpbnRvc2ggSEQAAAAAAAAAAAAAAAAAAADMpuKySCsAAAA2bv8eU3RyYXQuIE1nbXQuIEouIDIwMDkgTWV5ZXIucGRmAAAAAAAAAAAAAAAAAAAAAAAAAAAAAAAAAAAAAAAAAAAAADZvAMg9l/cAAAAAAAAAAAACAAYAAAkgAAAAAAAAAAAAAAAAAAAABU1leWVyAAAQAAgAAMymxpIAAAARAAgAAMg9e9cAAAABABwANm7/ADZsLAA2a/4ANoe9AA/jYgAI8L8AAgY7AAIAYU1hY2ludG9zaCBIRDpVc2VyczoAZHVjbzoARHJvcGJveDoAUGFwZXJzMjoAQXJ0aWNsZXM6ADIwMDk6AE1leWVyOgBTdHJhdC4gTWdtdC4gSi4gMjAwOSBNZXllci5wZGYAAA4APgAeAFMAdAByAGEAdAAuACAATQBnAG0AdAAuACAASgAuACAAMgAwADAAOQAgAE0AZQB5AGUAcgAuAHAAZABmAA8AGgAMAE0AYQBjAGkAbgB0AG8AcwBoACAASABEABIATVVzZXJzL2R1Y28vRHJvcGJveC9QYXBlcnMyL0FydGljbGVzLzIwMDkvTWV5ZXIvU3RyYXQuIE1nbXQuIEouIDIwMDkgTWV5ZXIucGRmAAATAAEvAAAVAAIAC///AACABtIbHB0eWiRjbGFzc25hbWVYJGNsYXNzZXNdTlNNdXRhYmxlRGF0YaMdHyBWTlNEYXRhWE5TT2JqZWN00hscIiNcTlNEaWN0aW9uYXJ5oiIgXxAPTlNLZXllZEFyY2hpdmVy0SYnVHJvb3SAAQAIABEAGgAjAC0AMgA3AEAARgBNAFUAYABnAGoAbABuAHEAcwB1AHcAhACOANkA3gDmAuoC7ALxAvwDBQMTAxcDHgMnAywDOQM8A04DUQNWAAAAAAAAAgEAAAAAAAAAKAAAAAAAAAAAAAAAAAAAA1g=},
	Bdsk-Url-1 = {http://onlinelibrary.wiley.com/doi/10.1002/smj.720/abstract}}

@article{Eisenhardt:1989,
	Abstract = {This paper describes the process of inducting theory using case studies -from specifying the research questions to reaching closure. Some features of the process, such as problem definition and construct validation, are similar to hypothesis-testing research. Others, such ...},
	Author = {Eisenhardt, Kathleen M},
	Date-Added = {2013-06-05T18:53:03GMT},
	Date-Modified = {2013-06-08 10:27:54 +0000},
	File = {{1989 Eisenhardt.pdf:/Users/duco/Dropbox/Papers2/Articles/1989/Eisenhardt/1989 Eisenhardt.pdf:application/pdf}},
	Journal = {Academy of management review},
	Local-Url = {file://localhost/Users/duco/Dropbox/Papers2/Articles/1989/Eisenhardt/1989%20Eisenhardt.pdf},
	Month = jan,
	Pages = {532--550},
	Publisher = {JSTOR},
	Rating = {0},
	Title = {{Building theories from case study research}},
	Uri = {\url{papers2://publication/uuid/086E39EB-9F3B-4D28-BAED-48B2636A4C84}},
	Url = {http://www.jstor.org/stable/10.2307/258557},
	Year = {1989},
	Bdsk-File-1 = {YnBsaXN0MDDUAQIDBAUGJCVYJHZlcnNpb25YJG9iamVjdHNZJGFyY2hpdmVyVCR0b3ASAAGGoKgHCBMUFRYaIVUkbnVsbNMJCgsMDxJXTlMua2V5c1pOUy5vYmplY3RzViRjbGFzc6INDoACgAOiEBGABIAFgAdccmVsYXRpdmVQYXRoWWFsaWFzRGF0YV8QQi4uLy4uL0Ryb3Bib3gvUGFwZXJzMi9BcnRpY2xlcy8xOTg5L0Vpc2VuaGFyZHQvMTk4OSBFaXNlbmhhcmR0LnBkZtIXCxgZV05TLmRhdGFPEQHiAAAAAAHiAAIAAAxNYWNpbnRvc2ggSEQAAAAAAAAAAAAAAAAAAADMpuKySCsAAAA2bKcTMTk4OSBFaXNlbmhhcmR0LnBkZgAAAAAAAAAAAAAAAAAAAAAAAAAAAAAAAAAAAAAAAAAAAAAAAAAAAAAAAAAAADZsqM3VWKIAAAAAAAAAAAACAAYAAAkgAAAAAAAAAAAAAAAAAAAACkVpc2VuaGFyZHQAEAAIAADMpsaSAAAAEQAIAADN1TyCAAAAAQAcADZspwA2bKYANmv+ADaHvQAP42IACPC/AAIGOwACAFtNYWNpbnRvc2ggSEQ6VXNlcnM6AGR1Y286AERyb3Bib3g6AFBhcGVyczI6AEFydGljbGVzOgAxOTg5OgBFaXNlbmhhcmR0OgAxOTg5IEVpc2VuaGFyZHQucGRmAAAOACgAEwAxADkAOAA5ACAARQBpAHMAZQBuAGgAYQByAGQAdAAuAHAAZABmAA8AGgAMAE0AYQBjAGkAbgB0AG8AcwBoACAASABEABIAR1VzZXJzL2R1Y28vRHJvcGJveC9QYXBlcnMyL0FydGljbGVzLzE5ODkvRWlzZW5oYXJkdC8xOTg5IEVpc2VuaGFyZHQucGRmAAATAAEvAAAVAAIAC///AACABtIbHB0eWiRjbGFzc25hbWVYJGNsYXNzZXNdTlNNdXRhYmxlRGF0YaMdHyBWTlNEYXRhWE5TT2JqZWN00hscIiNcTlNEaWN0aW9uYXJ5oiIgXxAPTlNLZXllZEFyY2hpdmVy0SYnVHJvb3SAAQAIABEAGgAjAC0AMgA3AEAARgBNAFUAYABnAGoAbABuAHEAcwB1AHcAhACOANMA2ADgAsYCyALNAtgC4QLvAvMC+gMDAwgDFQMYAyoDLQMyAAAAAAAAAgEAAAAAAAAAKAAAAAAAAAAAAAAAAAAAAzQ=},
	Bdsk-Url-1 = {http://www.jstor.org/stable/10.2307/258557}}

@article{Child:2005,
	Author = {John Child and Suzana B Rodrigues},
	Date-Added = {2013-06-05T18:53:03GMT},
	Date-Modified = {2013-06-10 09:22:44 +0000},
	File = {{2005 Child.pdf:/Users/duco/Dropbox/Papers2/Articles/2005/Child/2005 Child.pdf:application/pdf}},
	Journal = {Management and organization review},
	Local-Url = {file://localhost/Users/duco/Dropbox/Papers2/Articles/2005/Child/2005%20Child.pdf},
	Number = {3},
	Pages = {381--410},
	Publisher = {Wiley Online Library},
	Rating = {0},
	Read = {Yes},
	Title = {{The Internationalization of Chinese Firms: A Case for Theoretical Extension?[1]}},
	Uri = {\url{papers2://publication/uuid/775356BF-B95F-4BA9-91AE-6968F1631AEC}},
	Url = {http://onlinelibrary.wiley.com/doi/10.1111/j.1740-8784.2005.0020a.x/full},
	Volume = {1},
	Year = {2005},
	Bdsk-File-1 = {YnBsaXN0MDDUAQIDBAUGJCVYJHZlcnNpb25YJG9iamVjdHNZJGFyY2hpdmVyVCR0b3ASAAGGoKgHCBMUFRYaIVUkbnVsbNMJCgsMDxJXTlMua2V5c1pOUy5vYmplY3RzViRjbGFzc6INDoACgAOiEBGABIAFgAdccmVsYXRpdmVQYXRoWWFsaWFzRGF0YV8QOC4uLy4uL0Ryb3Bib3gvUGFwZXJzMi9BcnRpY2xlcy8yMDA1L0NoaWxkLzIwMDUgQ2hpbGQucGRm0hcLGBlXTlMuZGF0YU8RAcAAAAAAAcAAAgAADE1hY2ludG9zaCBIRAAAAAAAAAAAAAAAAAAAAMym4rJIKwAAADZ7Ag4yMDA1IENoaWxkLnBkZgAAAAAAAAAAAAAAAAAAAAAAAAAAAAAAAAAAAAAAAAAAAAAAAAAAAAAAAAAAAAAAAAAANnsDyEGcYwAAAAAAAAAAAAIABgAACSAAAAAAAAAAAAAAAAAAAAAFQ2hpbGQAABAACAAAzKbGkgAAABEACAAAyEGAQwAAAAEAHAA2ewIANnB5ADZr/gA2h70AD+NiAAjwvwACBjsAAgBRTWFjaW50b3NoIEhEOlVzZXJzOgBkdWNvOgBEcm9wYm94OgBQYXBlcnMyOgBBcnRpY2xlczoAMjAwNToAQ2hpbGQ6ADIwMDUgQ2hpbGQucGRmAAAOAB4ADgAyADAAMAA1ACAAQwBoAGkAbABkAC4AcABkAGYADwAaAAwATQBhAGMAaQBuAHQAbwBzAGgAIABIAEQAEgA9VXNlcnMvZHVjby9Ecm9wYm94L1BhcGVyczIvQXJ0aWNsZXMvMjAwNS9DaGlsZC8yMDA1IENoaWxkLnBkZgAAEwABLwAAFQACAAv//wAAgAbSGxwdHlokY2xhc3NuYW1lWCRjbGFzc2VzXU5TTXV0YWJsZURhdGGjHR8gVk5TRGF0YVhOU09iamVjdNIbHCIjXE5TRGljdGlvbmFyeaIiIF8QD05TS2V5ZWRBcmNoaXZlctEmJ1Ryb290gAEACAARABoAIwAtADIANwBAAEYATQBVAGAAZwBqAGwAbgBxAHMAdQB3AIQAjgDJAM4A1gKaApwCoQKsArUCwwLHAs4C1wLcAukC7AL+AwEDBgAAAAAAAAIBAAAAAAAAACgAAAAAAAAAAAAAAAAAAAMI},
	Bdsk-Url-1 = {http://onlinelibrary.wiley.com/doi/10.1111/j.1740-8784.2005.0020a.x/full}}

@article{Stone-Sweet:1997,
	Author = {Stone Sweet, Alec and Sandholtz, Wayne},
	Date-Added = {2013-06-05T18:53:03GMT},
	Date-Modified = {2013-06-08 10:27:54 +0000},
	File = {{1997 Stone Sweet.pdf:/Users/duco/Dropbox/Papers2/Articles/1997/Stone Sweet/1997 Stone Sweet.pdf:application/pdf}},
	Journal = {Journal of European public policy},
	Local-Url = {file://localhost/Users/duco/Dropbox/Papers2/Articles/1997/Stone%20Sweet/1997%20Stone%20Sweet.pdf},
	Month = jan,
	Number = {3},
	Pages = {297--317},
	Rating = {0},
	Title = {{European integration and supranational governance}},
	Uri = {\url{papers2://publication/uuid/236704C2-5ED3-4D7F-9643-231468722752}},
	Url = {http://www.tandfonline.com/doi/abs/10.1080/13501769780000011},
	Volume = {4},
	Year = {1997},
	Bdsk-File-1 = {YnBsaXN0MDDUAQIDBAUGJCVYJHZlcnNpb25YJG9iamVjdHNZJGFyY2hpdmVyVCR0b3ASAAGGoKgHCBMUFRYaIVUkbnVsbNMJCgsMDxJXTlMua2V5c1pOUy5vYmplY3RzViRjbGFzc6INDoACgAOiEBGABIAFgAdccmVsYXRpdmVQYXRoWWFsaWFzRGF0YV8QRC4uLy4uL0Ryb3Bib3gvUGFwZXJzMi9BcnRpY2xlcy8xOTk3L1N0b25lIFN3ZWV0LzE5OTcgU3RvbmUgU3dlZXQucGRm0hcLGBlXTlMuZGF0YU8RAeoAAAAAAeoAAgAADE1hY2ludG9zaCBIRAAAAAAAAAAAAAAAAAAAAMym4rJIKwAAADZ0JBQxOTk3IFN0b25lIFN3ZWV0LnBkZgAAAAAAAAAAAAAAAAAAAAAAAAAAAAAAAAAAAAAAAAAAAAAAAAAAAAAAAAAANnQlzdVdZwAAAAAAAAAAAAIABgAACSAAAAAAAAAAAAAAAAAAAAALU3RvbmUgU3dlZXQAABAACAAAzKbGkgAAABEACAAAzdVBRwAAAAEAHAA2dCQANnQjADZr/gA2h70AD+NiAAjwvwACBjsAAgBdTWFjaW50b3NoIEhEOlVzZXJzOgBkdWNvOgBEcm9wYm94OgBQYXBlcnMyOgBBcnRpY2xlczoAMTk5NzoAU3RvbmUgU3dlZXQ6ADE5OTcgU3RvbmUgU3dlZXQucGRmAAAOACoAFAAxADkAOQA3ACAAUwB0AG8AbgBlACAAUwB3AGUAZQB0AC4AcABkAGYADwAaAAwATQBhAGMAaQBuAHQAbwBzAGgAIABIAEQAEgBJVXNlcnMvZHVjby9Ecm9wYm94L1BhcGVyczIvQXJ0aWNsZXMvMTk5Ny9TdG9uZSBTd2VldC8xOTk3IFN0b25lIFN3ZWV0LnBkZgAAEwABLwAAFQACAAv//wAAgAbSGxwdHlokY2xhc3NuYW1lWCRjbGFzc2VzXU5TTXV0YWJsZURhdGGjHR8gVk5TRGF0YVhOU09iamVjdNIbHCIjXE5TRGljdGlvbmFyeaIiIF8QD05TS2V5ZWRBcmNoaXZlctEmJ1Ryb290gAEACAARABoAIwAtADIANwBAAEYATQBVAGAAZwBqAGwAbgBxAHMAdQB3AIQAjgDVANoA4gLQAtIC1wLiAusC+QL9AwQDDQMSAx8DIgM0AzcDPAAAAAAAAAIBAAAAAAAAACgAAAAAAAAAAAAAAAAAAAM+},
	Bdsk-Url-1 = {http://www.tandfonline.com/doi/abs/10.1080/13501769780000011}}

@article{ELLINAS:2011,
	Author = {ELLINAS, ANTONIS A and SULEIMAN, EZRA N},
	Date-Added = {2013-06-05T18:53:03GMT},
	Date-Modified = {2013-06-08 10:27:54 +0000},
	Doi = {10.1111/j.1468-5965.2010.02164.x},
	File = {{JCMS Journal of Common Market Studies 2011 ELLINAS.pdf:/Users/duco/Dropbox/Papers2/Articles/2011/ELLINAS/JCMS Journal of Common Market Studies 2011 ELLINAS.pdf:application/pdf}},
	Journal = {JCMS: Journal of Common Market Studies},
	Language = {English},
	Local-Url = {file://localhost/Users/duco/Dropbox/Papers2/Articles/2011/ELLINAS/JCMS%20Journal%20of%20Common%20Market%20Studies%202011%20ELLINAS.pdf},
	Month = jan,
	Number = {5},
	Pages = {923--947},
	Rating = {0},
	Read = {Yes},
	Title = {{Supranationalism in a Transnational Bureaucracy: The Case of the European Commission}},
	Uri = {\url{papers2://publication/doi/10.1111/j.1468-5965.2010.02164.x}},
	Url = {http://doi.wiley.com/10.1111/j.1468-5965.2010.02164.x},
	Volume = {49},
	Year = {2011},
	Bdsk-File-1 = {YnBsaXN0MDDUAQIDBAUGJCVYJHZlcnNpb25YJG9iamVjdHNZJGFyY2hpdmVyVCR0b3ASAAGGoKgHCBMUFRYaIVUkbnVsbNMJCgsMDxJXTlMua2V5c1pOUy5vYmplY3RzViRjbGFzc6INDoACgAOiEBGABIAFgAdccmVsYXRpdmVQYXRoWWFsaWFzRGF0YV8QYi4uLy4uL0Ryb3Bib3gvUGFwZXJzMi9BcnRpY2xlcy8yMDExL0VMTElOQVMvSkNNUyBKb3VybmFsIG9mIENvbW1vbiBNYXJrZXQgU3R1ZGllcyAyMDExIEVMTElOQVMucGRm0hcLGBlXTlMuZGF0YU8RAk4AAAAAAk4AAgAADE1hY2ludG9zaCBIRAAAAAAAAAAAAAAAAAAAAMym4rJIKwAAADZsAB9KQ01TIEpvdXJuYWwgb2YgQ29tbSMzNjZDMDEucGRmAAAAAAAAAAAAAAAAAAAAAAAAAAAAAAAAAAAAAAAAAAAANmwBylXm5QAAAAAAAAAAAAIABgAACSAAAAAAAAAAAAAAAAAAAAAHRUxMSU5BUwAAEAAIAADMpsaSAAAAEQAIAADKVcrFAAAAAQAcADZsAAA2a/8ANmv+ADaHvQAP42IACPC/AAIGOwACAGRNYWNpbnRvc2ggSEQ6VXNlcnM6AGR1Y286AERyb3Bib3g6AFBhcGVyczI6AEFydGljbGVzOgAyMDExOgBFTExJTkFTOgBKQ01TIEpvdXJuYWwgb2YgQ29tbSMzNjZDMDEucGRmAA4AbgA2AEoAQwBNAFMAIABKAG8AdQByAG4AYQBsACAAbwBmACAAQwBvAG0AbQBvAG4AIABNAGEAcgBrAGUAdAAgAFMAdAB1AGQAaQBlAHMAIAAyADAAMQAxACAARQBMAEwASQBOAEEAUwAuAHAAZABmAA8AGgAMAE0AYQBjAGkAbgB0AG8AcwBoACAASABEABIAZ1VzZXJzL2R1Y28vRHJvcGJveC9QYXBlcnMyL0FydGljbGVzLzIwMTEvRUxMSU5BUy9KQ01TIEpvdXJuYWwgb2YgQ29tbW9uIE1hcmtldCBTdHVkaWVzIDIwMTEgRUxMSU5BUy5wZGYAABMAAS8AABUAAgAL//8AAIAG0hscHR5aJGNsYXNzbmFtZVgkY2xhc3Nlc11OU011dGFibGVEYXRhox0fIFZOU0RhdGFYTlNPYmplY3TSGxwiI1xOU0RpY3Rpb25hcnmiIiBfEA9OU0tleWVkQXJjaGl2ZXLRJidUcm9vdIABAAgAEQAaACMALQAyADcAQABGAE0AVQBgAGcAagBsAG4AcQBzAHUAdwCEAI4A8wD4AQADUgNUA1kDZANtA3sDfwOGA48DlAOhA6QDtgO5A74AAAAAAAACAQAAAAAAAAAoAAAAAAAAAAAAAAAAAAADwA==},
	Bdsk-Url-1 = {http://doi.wiley.com/10.1111/j.1468-5965.2010.02164.x},
	Bdsk-Url-2 = {http://dx.doi.org/10.1111/j.1468-5965.2010.02164.x}}

@article{Tsebelis:2001,
	Author = {Tsebelis, George and Garrett, Geoffrey},
	Date-Added = {2013-06-05T18:53:03GMT},
	Date-Modified = {2013-06-08 10:27:54 +0000},
	File = {{2001 Tsebelis.pdf:/Users/duco/Dropbox/Papers2/Articles/2001/Tsebelis/2001 Tsebelis.pdf:application/pdf}},
	Journal = {International Organization},
	Local-Url = {file://localhost/Users/duco/Dropbox/Papers2/Articles/2001/Tsebelis/2001%20Tsebelis.pdf},
	Month = jan,
	Number = {2},
	Pages = {357--390},
	Publisher = {Cambridge Univ Press},
	Rating = {0},
	Title = {{The institutional foundations of intergovernmentalism and supranationalism in the European Union}},
	Uri = {\url{papers2://publication/uuid/F33E7B4F-D5F1-453C-82DA-55365A65F1CE}},
	Url = {http://www.utwente.nl/mb/cheps/summer_school/Literature/The%20Institutional%20Foundations%20of%20Intergovernmentalism%20and%20Supranationalism%20in%20the%20European%20Union.pdf},
	Volume = {55},
	Year = {2001},
	Bdsk-File-1 = {YnBsaXN0MDDUAQIDBAUGJCVYJHZlcnNpb25YJG9iamVjdHNZJGFyY2hpdmVyVCR0b3ASAAGGoKgHCBMUFRYaIVUkbnVsbNMJCgsMDxJXTlMua2V5c1pOUy5vYmplY3RzViRjbGFzc6INDoACgAOiEBGABIAFgAdccmVsYXRpdmVQYXRoWWFsaWFzRGF0YV8QPi4uLy4uL0Ryb3Bib3gvUGFwZXJzMi9BcnRpY2xlcy8yMDAxL1RzZWJlbGlzLzIwMDEgVHNlYmVsaXMucGRm0hcLGBlXTlMuZGF0YU8RAdQAAAAAAdQAAgAADE1hY2ludG9zaCBIRAAAAAAAAAAAAAAAAAAAAMym4rJIKwAAADZ6exEyMDAxIFRzZWJlbGlzLnBkZgAAAAAAAAAAAAAAAAAAAAAAAAAAAAAAAAAAAAAAAAAAAAAAAAAAAAAAAAAAAAAANnp8za54wgAAAAAAAAAAAAIABgAACSAAAAAAAAAAAAAAAAAAAAAIVHNlYmVsaXMAEAAIAADMpsaSAAAAEQAIAADNrlyiAAAAAQAcADZ6ewA2enoANmv+ADaHvQAP42IACPC/AAIGOwACAFdNYWNpbnRvc2ggSEQ6VXNlcnM6AGR1Y286AERyb3Bib3g6AFBhcGVyczI6AEFydGljbGVzOgAyMDAxOgBUc2ViZWxpczoAMjAwMSBUc2ViZWxpcy5wZGYAAA4AJAARADIAMAAwADEAIABUAHMAZQBiAGUAbABpAHMALgBwAGQAZgAPABoADABNAGEAYwBpAG4AdABvAHMAaAAgAEgARAASAENVc2Vycy9kdWNvL0Ryb3Bib3gvUGFwZXJzMi9BcnRpY2xlcy8yMDAxL1RzZWJlbGlzLzIwMDEgVHNlYmVsaXMucGRmAAATAAEvAAAVAAIAC///AACABtIbHB0eWiRjbGFzc25hbWVYJGNsYXNzZXNdTlNNdXRhYmxlRGF0YaMdHyBWTlNEYXRhWE5TT2JqZWN00hscIiNcTlNEaWN0aW9uYXJ5oiIgXxAPTlNLZXllZEFyY2hpdmVy0SYnVHJvb3SAAQAIABEAGgAjAC0AMgA3AEAARgBNAFUAYABnAGoAbABuAHEAcwB1AHcAhACOAM8A1ADcArQCtgK7AsYCzwLdAuEC6ALxAvYDAwMGAxgDGwMgAAAAAAAAAgEAAAAAAAAAKAAAAAAAAAAAAAAAAAAAAyI=},
	Bdsk-Url-1 = {http://www.utwente.nl/mb/cheps/summer_school/Literature/The%20Institutional%20Foundations%20of%20Intergovernmentalism%20and%20Supranationalism%20in%20the%20European%20Union.pdf}}

@article{Eisenhardt:1991,
	Author = {Eisenhardt, Kathleen M},
	Date-Added = {2013-06-05T18:53:03GMT},
	Date-Modified = {2013-06-08 10:27:54 +0000},
	File = {{1991 Eisenhardt.pdf:/Users/duco/Dropbox/Papers2/Articles/1991/Eisenhardt/1991 Eisenhardt.pdf:application/pdf}},
	Journal = {Academy of management review},
	Local-Url = {file://localhost/Users/duco/Dropbox/Papers2/Articles/1991/Eisenhardt/1991%20Eisenhardt.pdf},
	Number = {3},
	Pages = {620--627},
	Publisher = {Academy of Management},
	Rating = {0},
	Read = {Yes},
	Title = {{Better stories and better constructs: The case for rigor and comparative logic.}},
	Uri = {\url{papers2://publication/uuid/321B11D6-104C-436A-80DC-8CB2FD6B2672}},
	Url = {http://amr.aom.org/content/16/3/620.short},
	Volume = {16},
	Year = {1991},
	Bdsk-File-1 = {YnBsaXN0MDDUAQIDBAUGJCVYJHZlcnNpb25YJG9iamVjdHNZJGFyY2hpdmVyVCR0b3ASAAGGoKgHCBMUFRYaIVUkbnVsbNMJCgsMDxJXTlMua2V5c1pOUy5vYmplY3RzViRjbGFzc6INDoACgAOiEBGABIAFgAdccmVsYXRpdmVQYXRoWWFsaWFzRGF0YV8QQi4uLy4uL0Ryb3Bib3gvUGFwZXJzMi9BcnRpY2xlcy8xOTkxL0Vpc2VuaGFyZHQvMTk5MSBFaXNlbmhhcmR0LnBkZtIXCxgZV05TLmRhdGFPEQHiAAAAAAHiAAIAAAxNYWNpbnRvc2ggSEQAAAAAAAAAAAAAAAAAAADMpuKySCsAAAA2gCETMTk5MSBFaXNlbmhhcmR0LnBkZgAAAAAAAAAAAAAAAAAAAAAAAAAAAAAAAAAAAAAAAAAAAAAAAAAAAAAAAAAAADaAIs3VYf4AAAAAAAAAAAACAAYAAAkgAAAAAAAAAAAAAAAAAAAACkVpc2VuaGFyZHQAEAAIAADMpsaSAAAAEQAIAADN1UXeAAAAAQAcADaAIQA2bogANmv+ADaHvQAP42IACPC/AAIGOwACAFtNYWNpbnRvc2ggSEQ6VXNlcnM6AGR1Y286AERyb3Bib3g6AFBhcGVyczI6AEFydGljbGVzOgAxOTkxOgBFaXNlbmhhcmR0OgAxOTkxIEVpc2VuaGFyZHQucGRmAAAOACgAEwAxADkAOQAxACAARQBpAHMAZQBuAGgAYQByAGQAdAAuAHAAZABmAA8AGgAMAE0AYQBjAGkAbgB0AG8AcwBoACAASABEABIAR1VzZXJzL2R1Y28vRHJvcGJveC9QYXBlcnMyL0FydGljbGVzLzE5OTEvRWlzZW5oYXJkdC8xOTkxIEVpc2VuaGFyZHQucGRmAAATAAEvAAAVAAIAC///AACABtIbHB0eWiRjbGFzc25hbWVYJGNsYXNzZXNdTlNNdXRhYmxlRGF0YaMdHyBWTlNEYXRhWE5TT2JqZWN00hscIiNcTlNEaWN0aW9uYXJ5oiIgXxAPTlNLZXllZEFyY2hpdmVy0SYnVHJvb3SAAQAIABEAGgAjAC0AMgA3AEAARgBNAFUAYABnAGoAbABuAHEAcwB1AHcAhACOANMA2ADgAsYCyALNAtgC4QLvAvMC+gMDAwgDFQMYAyoDLQMyAAAAAAAAAgEAAAAAAAAAKAAAAAAAAAAAAAAAAAAAAzQ=},
	Bdsk-Url-1 = {http://amr.aom.org/content/16/3/620.short}}

@article{Buckley:2007,
	Author = {Buckley, Peter J and Clegg, L Jeremy and Cross, Adam R and Liu, Xin and Voss, Hinrich and Zheng, Ping},
	Date-Added = {2013-06-05T18:53:03GMT},
	Date-Modified = {2013-06-08 10:27:54 +0000},
	File = {{J Int Bus Stud 2007 Buckley.pdf:/Users/duco/Dropbox/Papers2/Articles/2007/Buckley/J Int Bus Stud 2007 Buckley.pdf:application/pdf}},
	Journal = {Journal of International Business Studies},
	Local-Url = {file://localhost/Users/duco/Dropbox/Papers2/Articles/2007/Buckley/J%20Int%20Bus%20Stud%202007%20Buckley.pdf},
	Number = {4},
	Pages = {499--518},
	Publisher = {Nature Publishing Group},
	Rating = {0},
	Read = {Yes},
	Title = {{The determinants of Chinese outward foreign direct investment}},
	Uri = {\url{papers2://publication/uuid/FDB1B468-6B66-4274-B18B-F9C7A7D9201A}},
	Url = {http://www.palgrave-journals.com/jibs/journal/v38/n4/abs/8400277a.html},
	Volume = {38},
	Year = {2007},
	Bdsk-File-1 = {YnBsaXN0MDDUAQIDBAUGJCVYJHZlcnNpb25YJG9iamVjdHNZJGFyY2hpdmVyVCR0b3ASAAGGoKgHCBMUFRYaIVUkbnVsbNMJCgsMDxJXTlMua2V5c1pOUy5vYmplY3RzViRjbGFzc6INDoACgAOiEBGABIAFgAdccmVsYXRpdmVQYXRoWWFsaWFzRGF0YV8QSy4uLy4uL0Ryb3Bib3gvUGFwZXJzMi9BcnRpY2xlcy8yMDA3L0J1Y2tsZXkvSiBJbnQgQnVzIFN0dWQgMjAwNyBCdWNrbGV5LnBkZtIXCxgZV05TLmRhdGFPEQIIAAAAAAIIAAIAAAxNYWNpbnRvc2ggSEQAAAAAAAAAAAAAAAAAAADMpuKySCsAAAA2gR4fSiBJbnQgQnVzIFN0dWQgMjAwNyBCdWNrbGV5LnBkZgAAAAAAAAAAAAAAAAAAAAAAAAAAAAAAAAAAAAAAAAAAADaBH8rVKwYAAAAAAAAAAAACAAYAAAkgAAAAAAAAAAAAAAAAAAAAB0J1Y2tsZXkAABAACAAAzKbGkgAAABEACAAAytUc9gAAAAEAHAA2gR4ANnDwADZr/gA2h70AD+NiAAjwvwACBjsAAgBkTWFjaW50b3NoIEhEOlVzZXJzOgBkdWNvOgBEcm9wYm94OgBQYXBlcnMyOgBBcnRpY2xlczoAMjAwNzoAQnVja2xleToASiBJbnQgQnVzIFN0dWQgMjAwNyBCdWNrbGV5LnBkZgAOAEAAHwBKACAASQBuAHQAIABCAHUAcwAgAFMAdAB1AGQAIAAyADAAMAA3ACAAQgB1AGMAawBsAGUAeQAuAHAAZABmAA8AGgAMAE0AYQBjAGkAbgB0AG8AcwBoACAASABEABIAUFVzZXJzL2R1Y28vRHJvcGJveC9QYXBlcnMyL0FydGljbGVzLzIwMDcvQnVja2xleS9KIEludCBCdXMgU3R1ZCAyMDA3IEJ1Y2tsZXkucGRmABMAAS8AABUAAgAL//8AAIAG0hscHR5aJGNsYXNzbmFtZVgkY2xhc3Nlc11OU011dGFibGVEYXRhox0fIFZOU0RhdGFYTlNPYmplY3TSGxwiI1xOU0RpY3Rpb25hcnmiIiBfEA9OU0tleWVkQXJjaGl2ZXLRJidUcm9vdIABAAgAEQAaACMALQAyADcAQABGAE0AVQBgAGcAagBsAG4AcQBzAHUAdwCEAI4A3ADhAOkC9QL3AvwDBwMQAx4DIgMpAzIDNwNEA0cDWQNcA2EAAAAAAAACAQAAAAAAAAAoAAAAAAAAAAAAAAAAAAADYw==},
	Bdsk-Url-1 = {http://www.palgrave-journals.com/jibs/journal/v38/n4/abs/8400277a.html}}

@book{Peng:2000,
	Abstract = {This book probes into the workings of business strategies in former socialist countries in East Asia, Central and Eastern Europe and the newly independent states of the former Soviet Union, which are collectively called `transition economies'. It provides a rich and in-depth understanding of fundamental, strategic issues confronted by domestic and foreign firms competing in these newly developed markets.},
	Author = {Peng, Mike W},
	Date-Added = {2013-06-07T13:52:08GMT},
	Date-Modified = {2013-06-08 10:27:54 +0000},
	File = {{2000 Peng.pdf:/Users/duco/Dropbox/Papers2/Books/2000/Peng/2000 Peng.pdf:application/pdf}},
	Isbn = {9780761916017},
	Language = {English},
	Local-Url = {file://localhost/Users/duco/Dropbox/Papers2/Books/2000/Peng/2000%20Peng.pdf},
	Publisher = {SAGE Publications, Incorporated},
	Rating = {0},
	Read = {Yes},
	Title = {{Business Strategies in Transition Economies}},
	Uri = {\url{papers2://publication/uuid/6859A397-4A05-43A8-BF7E-8E0B70FFD84E}},
	Url = {http://books.google.com/books?id=tvW_TcoQvagC&printsec=frontcover&dq=intitle:Business+Strategies+in+Transition+Economies&hl=&cd=1&source=gbs_api},
	Year = {2000},
	Bdsk-File-1 = {YnBsaXN0MDDUAQIDBAUGJCVYJHZlcnNpb25YJG9iamVjdHNZJGFyY2hpdmVyVCR0b3ASAAGGoKgHCBMUFRYaIVUkbnVsbNMJCgsMDxJXTlMua2V5c1pOUy5vYmplY3RzViRjbGFzc6INDoACgAOiEBGABIAFgAdccmVsYXRpdmVQYXRoWWFsaWFzRGF0YV8QMy4uLy4uL0Ryb3Bib3gvUGFwZXJzMi9Cb29rcy8yMDAwL1BlbmcvMjAwMCBQZW5nLnBkZtIXCxgZV05TLmRhdGFPEQGwAAAAAAGwAAIAAAxNYWNpbnRvc2ggSEQAAAAAAAAAAAAAAAAAAADMpuKySCsAAAA35oQNMjAwMCBQZW5nLnBkZgAAAAAAAAAAAAAAAAAAAAAAAAAAAAAAAAAAAAAAAAAAAAAAAAAAAAAAAAAAAAAAAAAAADfoPs3XsagAAAAAAAAAAAACAAYAAAkgAAAAAAAAAAAAAAAAAAAABFBlbmcAEAAIAADMpsaSAAAAEQAIAADN15WIAAAAAQAcADfmhAA35oIANo3QADaHvQAP42IACPC/AAIGOwACAExNYWNpbnRvc2ggSEQ6VXNlcnM6AGR1Y286AERyb3Bib3g6AFBhcGVyczI6AEJvb2tzOgAyMDAwOgBQZW5nOgAyMDAwIFBlbmcucGRmAA4AHAANADIAMAAwADAAIABQAGUAbgBnAC4AcABkAGYADwAaAAwATQBhAGMAaQBuAHQAbwBzAGgAIABIAEQAEgA4VXNlcnMvZHVjby9Ecm9wYm94L1BhcGVyczIvQm9va3MvMjAwMC9QZW5nLzIwMDAgUGVuZy5wZGYAEwABLwAAFQACAAv//wAAgAbSGxwdHlokY2xhc3NuYW1lWCRjbGFzc2VzXU5TTXV0YWJsZURhdGGjHR8gVk5TRGF0YVhOU09iamVjdNIbHCIjXE5TRGljdGlvbmFyeaIiIF8QD05TS2V5ZWRBcmNoaXZlctEmJ1Ryb290gAEACAARABoAIwAtADIANwBAAEYATQBVAGAAZwBqAGwAbgBxAHMAdQB3AIQAjgDEAMkA0QKFAocCjAKXAqACrgKyArkCwgLHAtQC1wLpAuwC8QAAAAAAAAIBAAAAAAAAACgAAAAAAAAAAAAAAAAAAALz},
	Bdsk-Url-1 = {http://books.google.com/books?id=tvW_TcoQvagC&printsec=frontcover&dq=intitle:Business+Strategies+in+Transition+Economies&hl=&cd=1&source=gbs_api}}

@article{Ryan:2003,
	Author = {Ryan, Gery W and Bernard, H Russell},
	Date-Added = {2013-06-05T18:53:04GMT},
	Date-Modified = {2013-06-08 10:27:54 +0000},
	Doi = {10.1177/1525822X02239569},
	File = {{Field Methods 2003 Ryan.pdf:/Users/duco/Dropbox/Papers2/Articles/2003/Ryan/Field Methods 2003 Ryan.pdf:application/pdf;Field Methods 2003 Ryan.pdf:/Users/duco/Dropbox/Papers2/Articles/2003/Ryan/Field Methods 2003 Ryan.pdf:application/pdf}},
	Journal = {Field Methods},
	Local-Url = {file://localhost/Users/duco/Dropbox/Papers2/Articles/2003/Ryan/Field%20Methods%202003%20Ryan.pdf},
	Month = feb,
	Number = {1},
	Pages = {85--109},
	Rating = {0},
	Title = {{Techniques to Identify Themes}},
	Uri = {\url{papers2://publication/doi/10.1177/1525822X02239569}},
	Url = {http://fmx.sagepub.com/cgi/doi/10.1177/1525822X02239569},
	Volume = {15},
	Year = {2003},
	Bdsk-File-1 = {YnBsaXN0MDDUAQIDBAUGJCVYJHZlcnNpb25YJG9iamVjdHNZJGFyY2hpdmVyVCR0b3ASAAGGoKgHCBMUFRYaIVUkbnVsbNMJCgsMDxJXTlMua2V5c1pOUy5vYmplY3RzViRjbGFzc6INDoACgAOiEBGABIAFgAdccmVsYXRpdmVQYXRoWWFsaWFzRGF0YV8QRC4uLy4uL0Ryb3Bib3gvUGFwZXJzMi9BcnRpY2xlcy8yMDAzL1J5YW4vRmllbGQgTWV0aG9kcyAyMDAzIFJ5YW4ucGRm0hcLGBlXTlMuZGF0YU8RAfAAAAAAAfAAAgAADE1hY2ludG9zaCBIRAAAAAAAAAAAAAAAAAAAAMym4rJIKwAAADZxUBtGaWVsZCBNZXRob2RzIDIwMDMgUnlhbi5wZGYAAAAAAAAAAAAAAAAAAAAAAAAAAAAAAAAAAAAAAAAAAAAAAAAANnFRzdVbugAAAAAAAAAAAAIABgAACSAAAAAAAAAAAAAAAAAAAAAEUnlhbgAQAAgAAMymxpIAAAARAAgAAM3VP5oAAAABABwANnFQADZxTwA2a/4ANoe9AA/jYgAI8L8AAgY7AAIAXU1hY2ludG9zaCBIRDpVc2VyczoAZHVjbzoARHJvcGJveDoAUGFwZXJzMjoAQXJ0aWNsZXM6ADIwMDM6AFJ5YW46AEZpZWxkIE1ldGhvZHMgMjAwMyBSeWFuLnBkZgAADgA4ABsARgBpAGUAbABkACAATQBlAHQAaABvAGQAcwAgADIAMAAwADMAIABSAHkAYQBuAC4AcABkAGYADwAaAAwATQBhAGMAaQBuAHQAbwBzAGgAIABIAEQAEgBJVXNlcnMvZHVjby9Ecm9wYm94L1BhcGVyczIvQXJ0aWNsZXMvMjAwMy9SeWFuL0ZpZWxkIE1ldGhvZHMgMjAwMyBSeWFuLnBkZgAAEwABLwAAFQACAAv//wAAgAbSGxwdHlokY2xhc3NuYW1lWCRjbGFzc2VzXU5TTXV0YWJsZURhdGGjHR8gVk5TRGF0YVhOU09iamVjdNIbHCIjXE5TRGljdGlvbmFyeaIiIF8QD05TS2V5ZWRBcmNoaXZlctEmJ1Ryb290gAEACAARABoAIwAtADIANwBAAEYATQBVAGAAZwBqAGwAbgBxAHMAdQB3AIQAjgDVANoA4gLWAtgC3QLoAvEC/wMDAwoDEwMYAyUDKAM6Az0DQgAAAAAAAAIBAAAAAAAAACgAAAAAAAAAAAAAAAAAAANE},
	Bdsk-Url-1 = {http://fmx.sagepub.com/cgi/doi/10.1177/1525822X02239569},
	Bdsk-Url-2 = {http://dx.doi.org/10.1177/1525822X02239569}}

@article{Elsig:2010,
	Author = {Elsig, Manfred},
	Date-Added = {2013-06-05T18:53:04GMT},
	Date-Modified = {2013-06-08 10:27:54 +0000},
	Doi = {10.1007/s11558-010-9093-2},
	File = {{Rev Int Organ 2010 Elsig.pdf:/Users/duco/Dropbox/Papers2/Articles/2010/Elsig/Rev Int Organ 2010 Elsig.pdf:application/pdf}},
	Journal = {The Review of International Organizations},
	Language = {English},
	Local-Url = {file://localhost/Users/duco/Dropbox/Papers2/Articles/2010/Elsig/Rev%20Int%20Organ%202010%20Elsig.pdf},
	Month = jul,
	Number = {3},
	Pages = {345--363},
	Rating = {0},
	Title = {{The World Trade Organization at work: Performance in a member-driven milieu}},
	Uri = {\url{papers2://publication/doi/10.1007/s11558-010-9093-2}},
	Url = {http://link.springer.com/10.1007/s11558-010-9093-2},
	Volume = {5},
	Year = {2010},
	Bdsk-File-1 = {YnBsaXN0MDDUAQIDBAUGJCVYJHZlcnNpb25YJG9iamVjdHNZJGFyY2hpdmVyVCR0b3ASAAGGoKgHCBMUFRYaIVUkbnVsbNMJCgsMDxJXTlMua2V5c1pOUy5vYmplY3RzViRjbGFzc6INDoACgAOiEBGABIAFgAdccmVsYXRpdmVQYXRoWWFsaWFzRGF0YV8QRi4uLy4uL0Ryb3Bib3gvUGFwZXJzMi9BcnRpY2xlcy8yMDEwL0Vsc2lnL1JldiBJbnQgT3JnYW4gMjAxMCBFbHNpZy5wZGbSFwsYGVdOUy5kYXRhTxEB+AAAAAAB+AACAAAMTWFjaW50b3NoIEhEAAAAAAAAAAAAAAAAAAAAzKbiskgrAAAANnDFHFJldiBJbnQgT3JnYW4gMjAxMCBFbHNpZy5wZGYAAAAAAAAAAAAAAAAAAAAAAAAAAAAAAAAAAAAAAAAAAAAAAAA2cMbMHVyoAAAAAAAAAAAAAgAGAAAJIAAAAAAAAAAAAAAAAAAAAAVFbHNpZwAAEAAIAADMpsaSAAAAEQAIAADMHUCIAAAAAQAcADZwxQA2cMQANmv+ADaHvQAP42IACPC/AAIGOwACAF9NYWNpbnRvc2ggSEQ6VXNlcnM6AGR1Y286AERyb3Bib3g6AFBhcGVyczI6AEFydGljbGVzOgAyMDEwOgBFbHNpZzoAUmV2IEludCBPcmdhbiAyMDEwIEVsc2lnLnBkZgAADgA6ABwAUgBlAHYAIABJAG4AdAAgAE8AcgBnAGEAbgAgADIAMAAxADAAIABFAGwAcwBpAGcALgBwAGQAZgAPABoADABNAGEAYwBpAG4AdABvAHMAaAAgAEgARAASAEtVc2Vycy9kdWNvL0Ryb3Bib3gvUGFwZXJzMi9BcnRpY2xlcy8yMDEwL0Vsc2lnL1JldiBJbnQgT3JnYW4gMjAxMCBFbHNpZy5wZGYAABMAAS8AABUAAgAL//8AAIAG0hscHR5aJGNsYXNzbmFtZVgkY2xhc3Nlc11OU011dGFibGVEYXRhox0fIFZOU0RhdGFYTlNPYmplY3TSGxwiI1xOU0RpY3Rpb25hcnmiIiBfEA9OU0tleWVkQXJjaGl2ZXLRJidUcm9vdIABAAgAEQAaACMALQAyADcAQABGAE0AVQBgAGcAagBsAG4AcQBzAHUAdwCEAI4A1wDcAOQC4ALiAucC8gL7AwkDDQMUAx0DIgMvAzIDRANHA0wAAAAAAAACAQAAAAAAAAAoAAAAAAAAAAAAAAAAAAADTg==},
	Bdsk-Url-1 = {http://link.springer.com/10.1007/s11558-010-9093-2},
	Bdsk-Url-2 = {http://dx.doi.org/10.1007/s11558-010-9093-2}}

@article{Peng:2009,
	Author = {Peng, Mike W and Sun, Sunny Li and Pinkham, Brian and Chen, Hao},
	Date-Added = {2013-06-06T12:58:12GMT},
	Date-Modified = {2013-06-08 10:27:54 +0000},
	File = {{2009 Peng.pdf:/Users/duco/Dropbox/Papers2/Articles/2009/Peng/2009 Peng.pdf:application/pdf}},
	Journal = {The Academy of Management Perspectives},
	Local-Url = {file://localhost/Users/duco/Dropbox/Papers2/Articles/2009/Peng/2009%20Peng.pdf},
	Number = {3},
	Pages = {63--81},
	Publisher = {Academy of Management},
	Rating = {0},
	Read = {Yes},
	Title = {{The institution-based view as a third leg for a strategy tripod}},
	Uri = {\url{papers2://publication/uuid/619628EC-F406-4749-AE1C-198B1FD19093}},
	Url = {http://amp.aom.org/content/23/3/63.abstract},
	Volume = {23},
	Year = {2009},
	Bdsk-File-1 = {YnBsaXN0MDDUAQIDBAUGJCVYJHZlcnNpb25YJG9iamVjdHNZJGFyY2hpdmVyVCR0b3ASAAGGoKgHCBMUFRYaIVUkbnVsbNMJCgsMDxJXTlMua2V5c1pOUy5vYmplY3RzViRjbGFzc6INDoACgAOiEBGABIAFgAdccmVsYXRpdmVQYXRoWWFsaWFzRGF0YV8QNi4uLy4uL0Ryb3Bib3gvUGFwZXJzMi9BcnRpY2xlcy8yMDA5L1BlbmcvMjAwOSBQZW5nLnBkZtIXCxgZV05TLmRhdGFPEQG4AAAAAAG4AAIAAAxNYWNpbnRvc2ggSEQAAAAAAAAAAAAAAAAAAADMpuKySCsAAAA3bkwNMjAwOSBQZW5nLnBkZgAAAAAAAAAAAAAAAAAAAAAAAAAAAAAAAAAAAAAAAAAAAAAAAAAAAAAAAAAAAAAAAAAAADdtes3WU/YAAAAAAAAAAAACAAYAAAkgAAAAAAAAAAAAAAAAAAAABFBlbmcAEAAIAADMpsaSAAAAEQAIAADN1jfWAAAAAQAcADduTAA2bCwANmv+ADaHvQAP42IACPC/AAIGOwACAE9NYWNpbnRvc2ggSEQ6VXNlcnM6AGR1Y286AERyb3Bib3g6AFBhcGVyczI6AEFydGljbGVzOgAyMDA5OgBQZW5nOgAyMDA5IFBlbmcucGRmAAAOABwADQAyADAAMAA5ACAAUABlAG4AZwAuAHAAZABmAA8AGgAMAE0AYQBjAGkAbgB0AG8AcwBoACAASABEABIAO1VzZXJzL2R1Y28vRHJvcGJveC9QYXBlcnMyL0FydGljbGVzLzIwMDkvUGVuZy8yMDA5IFBlbmcucGRmAAATAAEvAAAVAAIAC///AACABtIbHB0eWiRjbGFzc25hbWVYJGNsYXNzZXNdTlNNdXRhYmxlRGF0YaMdHyBWTlNEYXRhWE5TT2JqZWN00hscIiNcTlNEaWN0aW9uYXJ5oiIgXxAPTlNLZXllZEFyY2hpdmVy0SYnVHJvb3SAAQAIABEAGgAjAC0AMgA3AEAARgBNAFUAYABnAGoAbABuAHEAcwB1AHcAhACOAMcAzADUApACkgKXAqICqwK5Ar0CxALNAtIC3wLiAvQC9wL8AAAAAAAAAgEAAAAAAAAAKAAAAAAAAAAAAAAAAAAAAv4=},
	Bdsk-Url-1 = {http://amp.aom.org/content/23/3/63.abstract}}

@article{Hoskisson:2000,
	Author = {Hoskisson, Robert E and Eden, Lorraine and Lau, Chung Ming and Wright, Mike},
	Date-Added = {2013-06-05T18:53:04GMT},
	Date-Modified = {2013-06-08 10:27:54 +0000},
	File = {{2000 Hoskisson.pdf:/Users/duco/Dropbox/Papers2/Articles/2000/Hoskisson/2000 Hoskisson.pdf:application/pdf}},
	Journal = {Academy of management journal},
	Local-Url = {file://localhost/Users/duco/Dropbox/Papers2/Articles/2000/Hoskisson/2000%20Hoskisson.pdf},
	Month = jan,
	Pages = {249--267},
	Publisher = {JSTOR},
	Rating = {0},
	Read = {Yes},
	Title = {{Strategy in emerging economies}},
	Uri = {\url{papers2://publication/uuid/7D263C97-51E7-49D9-B1BC-0DF1D1A7A942}},
	Url = {http://www.jstor.org/stable/10.2307/1556394},
	Year = {2000},
	Bdsk-File-1 = {YnBsaXN0MDDUAQIDBAUGJCVYJHZlcnNpb25YJG9iamVjdHNZJGFyY2hpdmVyVCR0b3ASAAGGoKgHCBMUFRYaIVUkbnVsbNMJCgsMDxJXTlMua2V5c1pOUy5vYmplY3RzViRjbGFzc6INDoACgAOiEBGABIAFgAdccmVsYXRpdmVQYXRoWWFsaWFzRGF0YV8QQC4uLy4uL0Ryb3Bib3gvUGFwZXJzMi9BcnRpY2xlcy8yMDAwL0hvc2tpc3Nvbi8yMDAwIEhvc2tpc3Nvbi5wZGbSFwsYGVdOUy5kYXRhTxEB3AAAAAAB3AACAAAMTWFjaW50b3NoIEhEAAAAAAAAAAAAAAAAAAAAzKbiskgrAAAANnAhEjIwMDAgSG9za2lzc29uLnBkZgAAAAAAAAAAAAAAAAAAAAAAAAAAAAAAAAAAAAAAAAAAAAAAAAAAAAAAAAAAAAA2cCLN1VtWAAAAAAAAAAAAAgAGAAAJIAAAAAAAAAAAAAAAAAAAAAlIb3NraXNzb24AABAACAAAzKbGkgAAABEACAAAzdU/NgAAAAEAHAA2cCEANnAgADZr/gA2h70AD+NiAAjwvwACBjsAAgBZTWFjaW50b3NoIEhEOlVzZXJzOgBkdWNvOgBEcm9wYm94OgBQYXBlcnMyOgBBcnRpY2xlczoAMjAwMDoASG9za2lzc29uOgAyMDAwIEhvc2tpc3Nvbi5wZGYAAA4AJgASADIAMAAwADAAIABIAG8AcwBrAGkAcwBzAG8AbgAuAHAAZABmAA8AGgAMAE0AYQBjAGkAbgB0AG8AcwBoACAASABEABIARVVzZXJzL2R1Y28vRHJvcGJveC9QYXBlcnMyL0FydGljbGVzLzIwMDAvSG9za2lzc29uLzIwMDAgSG9za2lzc29uLnBkZgAAEwABLwAAFQACAAv//wAAgAbSGxwdHlokY2xhc3NuYW1lWCRjbGFzc2VzXU5TTXV0YWJsZURhdGGjHR8gVk5TRGF0YVhOU09iamVjdNIbHCIjXE5TRGljdGlvbmFyeaIiIF8QD05TS2V5ZWRBcmNoaXZlctEmJ1Ryb290gAEACAARABoAIwAtADIANwBAAEYATQBVAGAAZwBqAGwAbgBxAHMAdQB3AIQAjgDRANYA3gK+AsACxQLQAtkC5wLrAvIC+wMAAw0DEAMiAyUDKgAAAAAAAAIBAAAAAAAAACgAAAAAAAAAAAAAAAAAAAMs},
	Bdsk-Url-1 = {http://www.jstor.org/stable/10.2307/1556394}}

@article{Dyer:1991,
	Abstract = {Abstract In this article the authors discuss an article published in a pervious issue that presented an approach to building better theory through the use of case studies. The authors suggest that the paper does not do enough to support the claim that the methods ...},
	Author = {Dyer, W Gibb and Wilkins, Alan L},
	Date-Added = {2013-06-05T18:53:04GMT},
	Date-Modified = {2013-06-08 10:27:54 +0000},
	File = {{1991 Dyer.pdf:/Users/duco/Dropbox/Papers2/Articles/1991/Dyer/1991 Dyer.pdf:application/pdf;1991 Dyer.pdf:/Users/duco/Dropbox/Papers2/Articles/1991/Dyer/1991 Dyer.pdf:application/pdf}},
	Journal = {Academy of management review},
	Local-Url = {file://localhost/Users/duco/Dropbox/Papers2/Articles/1991/Dyer/1991%20Dyer.pdf},
	Month = jan,
	Number = {3},
	Pages = {613--619},
	Publisher = {Academy of Management},
	Rating = {0},
	Read = {Yes},
	Title = {{Better stories, not better constructs, to generate better theory: A rejoinder to Eisenhardt.}},
	Uri = {\url{papers2://publication/uuid/B09B3996-5964-4D2D-A60B-BA9243FCF499}},
	Url = {http://www.jstor.org/stable/258920},
	Volume = {16},
	Year = {1991},
	Bdsk-File-1 = {YnBsaXN0MDDUAQIDBAUGJCVYJHZlcnNpb25YJG9iamVjdHNZJGFyY2hpdmVyVCR0b3ASAAGGoKgHCBMUFRYaIVUkbnVsbNMJCgsMDxJXTlMua2V5c1pOUy5vYmplY3RzViRjbGFzc6INDoACgAOiEBGABIAFgAdccmVsYXRpdmVQYXRoWWFsaWFzRGF0YV8QNi4uLy4uL0Ryb3Bib3gvUGFwZXJzMi9BcnRpY2xlcy8xOTkxL0R5ZXIvMTk5MSBEeWVyLnBkZtIXCxgZV05TLmRhdGFPEQG4AAAAAAG4AAIAAAxNYWNpbnRvc2ggSEQAAAAAAAAAAAAAAAAAAADMpuKySCsAAAA2fk0NMTk5MSBEeWVyLnBkZgAAAAAAAAAAAAAAAAAAAAAAAAAAAAAAAAAAAAAAAAAAAAAAAAAAAAAAAAAAAAAAAAAAADZ/ss3VYa4AAAAAAAAAAAACAAYAAAkgAAAAAAAAAAAAAAAAAAAABER5ZXIAEAAIAADMpsaSAAAAEQAIAADN1UWOAAAAAQAcADZ+TQA2bogANmv+ADaHvQAP42IACPC/AAIGOwACAE9NYWNpbnRvc2ggSEQ6VXNlcnM6AGR1Y286AERyb3Bib3g6AFBhcGVyczI6AEFydGljbGVzOgAxOTkxOgBEeWVyOgAxOTkxIER5ZXIucGRmAAAOABwADQAxADkAOQAxACAARAB5AGUAcgAuAHAAZABmAA8AGgAMAE0AYQBjAGkAbgB0AG8AcwBoACAASABEABIAO1VzZXJzL2R1Y28vRHJvcGJveC9QYXBlcnMyL0FydGljbGVzLzE5OTEvRHllci8xOTkxIER5ZXIucGRmAAATAAEvAAAVAAIAC///AACABtIbHB0eWiRjbGFzc25hbWVYJGNsYXNzZXNdTlNNdXRhYmxlRGF0YaMdHyBWTlNEYXRhWE5TT2JqZWN00hscIiNcTlNEaWN0aW9uYXJ5oiIgXxAPTlNLZXllZEFyY2hpdmVy0SYnVHJvb3SAAQAIABEAGgAjAC0AMgA3AEAARgBNAFUAYABnAGoAbABuAHEAcwB1AHcAhACOAMcAzADUApACkgKXAqICqwK5Ar0CxALNAtIC3wLiAvQC9wL8AAAAAAAAAgEAAAAAAAAAKAAAAAAAAAAAAAAAAAAAAv4=},
	Bdsk-Url-1 = {http://www.jstor.org/stable/258920}}

@article{Yin:1981,
	Author = {Yin, Robert K},
	Date-Added = {2013-06-05T18:53:04GMT},
	Date-Modified = {2013-06-08 10:27:54 +0000},
	File = {{1981 Yin.pdf:/Users/duco/Dropbox/Papers2/Articles/1981/Yin/1981 Yin.pdf:application/pdf}},
	Journal = {Administrative science quarterly},
	Local-Url = {file://localhost/Users/duco/Dropbox/Papers2/Articles/1981/Yin/1981%20Yin.pdf},
	Month = jan,
	Number = {1},
	Pages = {58--65},
	Publisher = {JSTOR},
	Rating = {0},
	Title = {{The case study crisis: some answers}},
	Uri = {\url{papers2://publication/uuid/48640514-FD12-4313-8C54-224E6F6C6A5C}},
	Url = {http://www.jstor.org/stable/10.2307/2392599},
	Volume = {26},
	Year = {1981},
	Bdsk-File-1 = {YnBsaXN0MDDUAQIDBAUGJCVYJHZlcnNpb25YJG9iamVjdHNZJGFyY2hpdmVyVCR0b3ASAAGGoKgHCBMUFRYaIVUkbnVsbNMJCgsMDxJXTlMua2V5c1pOUy5vYmplY3RzViRjbGFzc6INDoACgAOiEBGABIAFgAdccmVsYXRpdmVQYXRoWWFsaWFzRGF0YV8QNC4uLy4uL0Ryb3Bib3gvUGFwZXJzMi9BcnRpY2xlcy8xOTgxL1lpbi8xOTgxIFlpbi5wZGbSFwsYGVdOUy5kYXRhTxEBsgAAAAABsgACAAAMTWFjaW50b3NoIEhEAAAAAAAAAAAAAAAAAAAAzKbiskgrAAAANnCMDDE5ODEgWWluLnBkZgAAAAAAAAAAAAAAAAAAAAAAAAAAAAAAAAAAAAAAAAAAAAAAAAAAAAAAAAAAAAAAAAAAAAA2cI3N1VuDAAAAAAAAAAAAAgAGAAAJIAAAAAAAAAAAAAAAAAAAAANZaW4AABAACAAAzKbGkgAAABEACAAAzdU/YwAAAAEAHAA2cIwANnCLADZr/gA2h70AD+NiAAjwvwACBjsAAgBNTWFjaW50b3NoIEhEOlVzZXJzOgBkdWNvOgBEcm9wYm94OgBQYXBlcnMyOgBBcnRpY2xlczoAMTk4MToAWWluOgAxOTgxIFlpbi5wZGYAAA4AGgAMADEAOQA4ADEAIABZAGkAbgAuAHAAZABmAA8AGgAMAE0AYQBjAGkAbgB0AG8AcwBoACAASABEABIAOVVzZXJzL2R1Y28vRHJvcGJveC9QYXBlcnMyL0FydGljbGVzLzE5ODEvWWluLzE5ODEgWWluLnBkZgAAEwABLwAAFQACAAv//wAAgAbSGxwdHlokY2xhc3NuYW1lWCRjbGFzc2VzXU5TTXV0YWJsZURhdGGjHR8gVk5TRGF0YVhOU09iamVjdNIbHCIjXE5TRGljdGlvbmFyeaIiIF8QD05TS2V5ZWRBcmNoaXZlctEmJ1Ryb290gAEACAARABoAIwAtADIANwBAAEYATQBVAGAAZwBqAGwAbgBxAHMAdQB3AIQAjgDFAMoA0gKIAooCjwKaAqMCsQK1ArwCxQLKAtcC2gLsAu8C9AAAAAAAAAIBAAAAAAAAACgAAAAAAAAAAAAAAAAAAAL2},
	Bdsk-Url-1 = {http://www.jstor.org/stable/10.2307/2392599}}

@book{Powell:1991,
	Author = {Powell, Walter W and DiMaggio, Paul J},
	Date-Added = {2013-06-05T18:53:04GMT},
	Date-Modified = {2013-06-08 10:27:54 +0000},
	Month = jan,
	Publisher = {University of Chicago Press},
	Rating = {0},
	Title = {{The New Institutionalism in Organizational Analysis}},
	Uri = {\url{papers2://publication/uuid/56360D72-32CA-4164-9204-4147A6CCBAED}},
	Year = {1991}}

@article{Kostova:1999,
	Author = {Kostova, Tatiana and Zaheer, Srilata},
	Date-Added = {2013-06-05T18:53:04GMT},
	Date-Modified = {2013-06-08 10:27:54 +0000},
	File = {{1999 Kostova.pdf:/Users/duco/Dropbox/Papers2/Articles/1999/Kostova/1999 Kostova.pdf:application/pdf}},
	Journal = {Academy of management review},
	Local-Url = {file://localhost/Users/duco/Dropbox/Papers2/Articles/1999/Kostova/1999%20Kostova.pdf},
	Month = jan,
	Pages = {64--81},
	Publisher = {JSTOR},
	Rating = {0},
	Title = {{Organizational legitimacy under conditions of complexity: The case of the multinational enterprise}},
	Uri = {\url{papers2://publication/uuid/38622FBB-C61B-4B90-814F-CCB4D0BEC310}},
	Url = {http://www.jstor.org/stable/10.2307/259037},
	Year = {1999},
	Bdsk-File-1 = {YnBsaXN0MDDUAQIDBAUGJCVYJHZlcnNpb25YJG9iamVjdHNZJGFyY2hpdmVyVCR0b3ASAAGGoKgHCBMUFRYaIVUkbnVsbNMJCgsMDxJXTlMua2V5c1pOUy5vYmplY3RzViRjbGFzc6INDoACgAOiEBGABIAFgAdccmVsYXRpdmVQYXRoWWFsaWFzRGF0YV8QPC4uLy4uL0Ryb3Bib3gvUGFwZXJzMi9BcnRpY2xlcy8xOTk5L0tvc3RvdmEvMTk5OSBLb3N0b3ZhLnBkZtIXCxgZV05TLmRhdGFPEQHOAAAAAAHOAAIAAAxNYWNpbnRvc2ggSEQAAAAAAAAAAAAAAAAAAADMpuKySCsAAAA2b1UQMTk5OSBLb3N0b3ZhLnBkZgAAAAAAAAAAAAAAAAAAAAAAAAAAAAAAAAAAAAAAAAAAAAAAAAAAAAAAAAAAAAAAADZvVs3VWsIAAAAAAAAAAAACAAYAAAkgAAAAAAAAAAAAAAAAAAAAB0tvc3RvdmEAABAACAAAzKbGkgAAABEACAAAzdU+ogAAAAEAHAA2b1UANm9UADZr/gA2h70AD+NiAAjwvwACBjsAAgBVTWFjaW50b3NoIEhEOlVzZXJzOgBkdWNvOgBEcm9wYm94OgBQYXBlcnMyOgBBcnRpY2xlczoAMTk5OToAS29zdG92YToAMTk5OSBLb3N0b3ZhLnBkZgAADgAiABAAMQA5ADkAOQAgAEsAbwBzAHQAbwB2AGEALgBwAGQAZgAPABoADABNAGEAYwBpAG4AdABvAHMAaAAgAEgARAASAEFVc2Vycy9kdWNvL0Ryb3Bib3gvUGFwZXJzMi9BcnRpY2xlcy8xOTk5L0tvc3RvdmEvMTk5OSBLb3N0b3ZhLnBkZgAAEwABLwAAFQACAAv//wAAgAbSGxwdHlokY2xhc3NuYW1lWCRjbGFzc2VzXU5TTXV0YWJsZURhdGGjHR8gVk5TRGF0YVhOU09iamVjdNIbHCIjXE5TRGljdGlvbmFyeaIiIF8QD05TS2V5ZWRBcmNoaXZlctEmJ1Ryb290gAEACAARABoAIwAtADIANwBAAEYATQBVAGAAZwBqAGwAbgBxAHMAdQB3AIQAjgDNANIA2gKsAq4CswK+AscC1QLZAuAC6QLuAvsC/gMQAxMDGAAAAAAAAAIBAAAAAAAAACgAAAAAAAAAAAAAAAAAAAMa},
	Bdsk-Url-1 = {http://www.jstor.org/stable/10.2307/259037}}

@article{Dodge:1994,
	Author = {Dodge, H Robert and Fullerton, Sam and Robbins, John E},
	Date-Added = {2013-06-05T18:53:05GMT},
	Date-Modified = {2013-06-08 10:27:54 +0000},
	Doi = {10.1002/smj.4250150204},
	File = {{Strat. Mgmt. J. 1994 Dodge.pdf:/Users/duco/Dropbox/Papers2/Articles/1994/Dodge/Strat. Mgmt. J. 1994 Dodge.pdf:application/pdf}},
	Journal = {Strategic Management Journal},
	Language = {English},
	Local-Url = {file://localhost/Users/duco/Dropbox/Papers2/Articles/1994/Dodge/Strat.%20Mgmt.%20J.%201994%20Dodge.pdf},
	Month = feb,
	Number = {2},
	Pages = {121--134},
	Rating = {0},
	Read = {Yes},
	Title = {{Stage of the organizational life cycle and competition as mediators of problem perception for small businesses}},
	Uri = {\url{papers2://publication/doi/10.1002/smj.4250150204}},
	Url = {http://www.jstor.org/stable/2486867},
	Volume = {15},
	Year = {1994},
	Bdsk-File-1 = {YnBsaXN0MDDUAQIDBAUGJCVYJHZlcnNpb25YJG9iamVjdHNZJGFyY2hpdmVyVCR0b3ASAAGGoKgHCBMUFRYaIVUkbnVsbNMJCgsMDxJXTlMua2V5c1pOUy5vYmplY3RzViRjbGFzc6INDoACgAOiEBGABIAFgAdccmVsYXRpdmVQYXRoWWFsaWFzRGF0YV8QSC4uLy4uL0Ryb3Bib3gvUGFwZXJzMi9BcnRpY2xlcy8xOTk0L0RvZGdlL1N0cmF0LiBNZ210LiBKLiAxOTk0IERvZGdlLnBkZtIXCxgZV05TLmRhdGFPEQIAAAAAAAIAAAIAAAxNYWNpbnRvc2ggSEQAAAAAAAAAAAAAAAAAAADMpuKySCsAAAA2cuIeU3RyYXQuIE1nbXQuIEouIDE5OTQgRG9kZ2UucGRmAAAAAAAAAAAAAAAAAAAAAAAAAAAAAAAAAAAAAAAAAAAAADZy483VXOcAAAAAAAAAAAACAAYAAAkgAAAAAAAAAAAAAAAAAAAABURvZGdlAAAQAAgAAMymxpIAAAARAAgAAM3VQMcAAAABABwANnLiADZy4QA2a/4ANoe9AA/jYgAI8L8AAgY7AAIAYU1hY2ludG9zaCBIRDpVc2VyczoAZHVjbzoARHJvcGJveDoAUGFwZXJzMjoAQXJ0aWNsZXM6ADE5OTQ6AERvZGdlOgBTdHJhdC4gTWdtdC4gSi4gMTk5NCBEb2RnZS5wZGYAAA4APgAeAFMAdAByAGEAdAAuACAATQBnAG0AdAAuACAASgAuACAAMQA5ADkANAAgAEQAbwBkAGcAZQAuAHAAZABmAA8AGgAMAE0AYQBjAGkAbgB0AG8AcwBoACAASABEABIATVVzZXJzL2R1Y28vRHJvcGJveC9QYXBlcnMyL0FydGljbGVzLzE5OTQvRG9kZ2UvU3RyYXQuIE1nbXQuIEouIDE5OTQgRG9kZ2UucGRmAAATAAEvAAAVAAIAC///AACABtIbHB0eWiRjbGFzc25hbWVYJGNsYXNzZXNdTlNNdXRhYmxlRGF0YaMdHyBWTlNEYXRhWE5TT2JqZWN00hscIiNcTlNEaWN0aW9uYXJ5oiIgXxAPTlNLZXllZEFyY2hpdmVy0SYnVHJvb3SAAQAIABEAGgAjAC0AMgA3AEAARgBNAFUAYABnAGoAbABuAHEAcwB1AHcAhACOANkA3gDmAuoC7ALxAvwDBQMTAxcDHgMnAywDOQM8A04DUQNWAAAAAAAAAgEAAAAAAAAAKAAAAAAAAAAAAAAAAAAAA1g=},
	Bdsk-Url-1 = {http://www.jstor.org/stable/2486867},
	Bdsk-Url-2 = {http://dx.doi.org/10.1002/smj.4250150204}}

@article{Westney:2011,
	Author = {Westney, D Eleanor},
	Date-Added = {2013-06-05T18:53:05GMT},
	Date-Modified = {2013-06-08 10:27:54 +0000},
	Doi = {10.1111/j.2042-5805.2011.00034.x},
	File = {{2011 Westney.pdf:/Users/duco/Dropbox/Papers2/Articles/2011/Westney/2011 Westney.pdf:application/pdf}},
	Journal = {Global Strategy Journal},
	Local-Url = {file://localhost/Users/duco/Dropbox/Papers2/Articles/2011/Westney/2011%20Westney.pdf},
	Number = {3‐4},
	Pages = {377--381},
	Publisher = {Wiley Online Library},
	Rating = {0},
	Title = {{Global strategy and global business environment: changing models of the global business environment}},
	Uri = {\url{papers2://publication/doi/10.1111/j.2042-5805.2011.00034.x}},
	Url = {http://onlinelibrary.wiley.com/doi/10.1002/gsj.34/full},
	Volume = {1},
	Year = {2011},
	Bdsk-File-1 = {YnBsaXN0MDDUAQIDBAUGJCVYJHZlcnNpb25YJG9iamVjdHNZJGFyY2hpdmVyVCR0b3ASAAGGoKgHCBMUFRYaIVUkbnVsbNMJCgsMDxJXTlMua2V5c1pOUy5vYmplY3RzViRjbGFzc6INDoACgAOiEBGABIAFgAdccmVsYXRpdmVQYXRoWWFsaWFzRGF0YV8QPC4uLy4uL0Ryb3Bib3gvUGFwZXJzMi9BcnRpY2xlcy8yMDExL1dlc3RuZXkvMjAxMSBXZXN0bmV5LnBkZtIXCxgZV05TLmRhdGFPEQHOAAAAAAHOAAIAAAxNYWNpbnRvc2ggSEQAAAAAAAAAAAAAAAAAAADMpuKySCsAAAA3oV4QMjAxMSBXZXN0bmV5LnBkZgAAAAAAAAAAAAAAAAAAAAAAAAAAAAAAAAAAAAAAAAAAAAAAAAAAAAAAAAAAAAAAADZuo8rCAEAAAAAAAAAAAAACAAYAAAkgAAAAAAAAAAAAAAAAAAAAB1dlc3RuZXkAABAACAAAzKbGkgAAABEACAAAysHkIAAAAAEAHAA3oV4ANmv/ADZr/gA2h70AD+NiAAjwvwACBjsAAgBVTWFjaW50b3NoIEhEOlVzZXJzOgBkdWNvOgBEcm9wYm94OgBQYXBlcnMyOgBBcnRpY2xlczoAMjAxMToAV2VzdG5leToAMjAxMSBXZXN0bmV5LnBkZgAADgAiABAAMgAwADEAMQAgAFcAZQBzAHQAbgBlAHkALgBwAGQAZgAPABoADABNAGEAYwBpAG4AdABvAHMAaAAgAEgARAASAEFVc2Vycy9kdWNvL0Ryb3Bib3gvUGFwZXJzMi9BcnRpY2xlcy8yMDExL1dlc3RuZXkvMjAxMSBXZXN0bmV5LnBkZgAAEwABLwAAFQACAAv//wAAgAbSGxwdHlokY2xhc3NuYW1lWCRjbGFzc2VzXU5TTXV0YWJsZURhdGGjHR8gVk5TRGF0YVhOU09iamVjdNIbHCIjXE5TRGljdGlvbmFyeaIiIF8QD05TS2V5ZWRBcmNoaXZlctEmJ1Ryb290gAEACAARABoAIwAtADIANwBAAEYATQBVAGAAZwBqAGwAbgBxAHMAdQB3AIQAjgDNANIA2gKsAq4CswK+AscC1QLZAuAC6QLuAvsC/gMQAxMDGAAAAAAAAAIBAAAAAAAAACgAAAAAAAAAAAAAAAAAAAMa},
	Bdsk-Url-1 = {http://onlinelibrary.wiley.com/doi/10.1002/gsj.34/full},
	Bdsk-Url-2 = {http://dx.doi.org/10.1111/j.2042-5805.2011.00034.x}}

@article{Draucker:2007,
	Author = {Draucker, C B and Martsolf, D S and Ross, R and Rusk, T B},
	Date-Added = {2013-06-05T18:53:05GMT},
	Date-Modified = {2013-06-08 10:27:54 +0000},
	Doi = {10.1177/1049732307308450},
	File = {{Qualitative Health Research 2007 Draucker.pdf:/Users/duco/Dropbox/Papers2/Articles/2007/Draucker/Qualitative Health Research 2007 Draucker.pdf:application/pdf}},
	Journal = {Qualitative Health Research},
	Language = {English},
	Local-Url = {file://localhost/Users/duco/Dropbox/Papers2/Articles/2007/Draucker/Qualitative%20Health%20Research%202007%20Draucker.pdf},
	Month = oct,
	Number = {8},
	Pages = {1137--1148},
	Rating = {0},
	Read = {Yes},
	Title = {{Theoretical Sampling and Category Development in Grounded Theory}},
	Uri = {\url{papers2://publication/doi/10.1177/1049732307308450}},
	Url = {http://qhr.sagepub.com/cgi/doi/10.1177/1049732307308450},
	Volume = {17},
	Year = {2007},
	Bdsk-File-1 = {YnBsaXN0MDDUAQIDBAUGJCVYJHZlcnNpb25YJG9iamVjdHNZJGFyY2hpdmVyVCR0b3ASAAGGoKgHCBMUFRYaIVUkbnVsbNMJCgsMDxJXTlMua2V5c1pOUy5vYmplY3RzViRjbGFzc6INDoACgAOiEBGABIAFgAdccmVsYXRpdmVQYXRoWWFsaWFzRGF0YV8QWi4uLy4uL0Ryb3Bib3gvUGFwZXJzMi9BcnRpY2xlcy8yMDA3L0RyYXVja2VyL1F1YWxpdGF0aXZlIEhlYWx0aCBSZXNlYXJjaCAyMDA3IERyYXVja2VyLnBkZtIXCxgZV05TLmRhdGFPEQI2AAAAAAI2AAIAAAxNYWNpbnRvc2ggSEQAAAAAAAAAAAAAAAAAAADMpuKySCsAAAA2cPEfUXVhbGl0YXRpdmUgSGVhbHRoIFIjMzY3MEYyLnBkZgAAAAAAAAAAAAAAAAAAAAAAAAAAAAAAAAAAAAAAAAAAADZw8s3VW58AAAAAAAAAAAACAAYAAAkgAAAAAAAAAAAAAAAAAAAACERyYXVja2VyABAACAAAzKbGkgAAABEACAAAzdU/fwAAAAEAHAA2cPEANnDwADZr/gA2h70AD+NiAAjwvwACBjsAAgBlTWFjaW50b3NoIEhEOlVzZXJzOgBkdWNvOgBEcm9wYm94OgBQYXBlcnMyOgBBcnRpY2xlczoAMjAwNzoARHJhdWNrZXI6AFF1YWxpdGF0aXZlIEhlYWx0aCBSIzM2NzBGMi5wZGYAAA4AXAAtAFEAdQBhAGwAaQB0AGEAdABpAHYAZQAgAEgAZQBhAGwAdABoACAAUgBlAHMAZQBhAHIAYwBoACAAMgAwADAANwAgAEQAcgBhAHUAYwBrAGUAcgAuAHAAZABmAA8AGgAMAE0AYQBjAGkAbgB0AG8AcwBoACAASABEABIAX1VzZXJzL2R1Y28vRHJvcGJveC9QYXBlcnMyL0FydGljbGVzLzIwMDcvRHJhdWNrZXIvUXVhbGl0YXRpdmUgSGVhbHRoIFJlc2VhcmNoIDIwMDcgRHJhdWNrZXIucGRmAAATAAEvAAAVAAIAC///AACABtIbHB0eWiRjbGFzc25hbWVYJGNsYXNzZXNdTlNNdXRhYmxlRGF0YaMdHyBWTlNEYXRhWE5TT2JqZWN00hscIiNcTlNEaWN0aW9uYXJ5oiIgXxAPTlNLZXllZEFyY2hpdmVy0SYnVHJvb3SAAQAIABEAGgAjAC0AMgA3AEAARgBNAFUAYABnAGoAbABuAHEAcwB1AHcAhACOAOsA8AD4AzIDNAM5A0QDTQNbA18DZgNvA3QDgQOEA5YDmQOeAAAAAAAAAgEAAAAAAAAAKAAAAAAAAAAAAAAAAAAAA6A=},
	Bdsk-Url-1 = {http://qhr.sagepub.com/cgi/doi/10.1177/1049732307308450},
	Bdsk-Url-2 = {http://dx.doi.org/10.1177/1049732307308450}}

@article{Lawton:,
	Author = {Lawton, Thomas C and Lindeque, Johan P and McGuire, Steven M},
	Date-Added = {2013-06-05T18:53:06GMT},
	Date-Modified = {2013-06-08 10:27:54 +0000},
	Doi = {10.2202/1469-3569.1274},
	Journal = {Business and Politics},
	Number = {2},
	Rating = {0},
	Read = {Yes},
	Title = {{Multilateralism and the Multinational Enterprise}},
	Uri = {\url{papers2://publication/doi/10.2202/1469-3569.1274}},
	Url = {http://www.degruyter.com/view/j/bap.2009.11.2/bap.2009.11.2.1274/bap.2009.11.2.1274.xml},
	Volume = {11},
	Bdsk-Url-1 = {http://www.degruyter.com/view/j/bap.2009.11.2/bap.2009.11.2.1274/bap.2009.11.2.1274.xml},
	Bdsk-Url-2 = {http://dx.doi.org/10.2202/1469-3569.1274}}

@book{Scott:2001,
	Author = {Scott, W Richard},
	Date-Added = {2013-06-05T18:53:04GMT},
	Date-Modified = {2013-06-08 10:27:54 +0000},
	Month = jan,
	Publisher = {Sage Publications},
	Rating = {0},
	Read = {Yes},
	Title = {{Institutions and Organisations}},
	Uri = {\url{papers2://publication/uuid/52440101-DDA7-47F9-BFAC-EBD8A34C4D93}},
	Url = {http://books.google.nl/books?id=kpDUHoaNhqYC&printsec=frontcover&hl=nl&source=gbs_ge_summary_r&cad=0},
	Year = {2001},
	Bdsk-Url-1 = {http://books.google.nl/books?id=kpDUHoaNhqYC&printsec=frontcover&hl=nl&source=gbs_ge_summary_r&cad=0}}

@article{Wang:2012,
	Author = {Wang, Chengqi and Hong, Junjie and Kafouros, Mario and Boateng, Agyenim},
	Date-Added = {2013-06-05T18:53:06GMT},
	Date-Modified = {2013-06-08 10:27:54 +0000},
	Doi = {10.1016/j.ibusrev.2011.05.004},
	File = {{International Business Review 2012 Wang.pdf:/Users/duco/Dropbox/Papers2/Articles/2012/Wang/International Business Review 2012 Wang.pdf:application/pdf}},
	Journal = {International Business Review},
	Language = {English},
	Local-Url = {file://localhost/Users/duco/Dropbox/Papers2/Articles/2012/Wang/International%20Business%20Review%202012%20Wang.pdf},
	Month = jun,
	Number = {3},
	Pages = {425--438},
	Rating = {0},
	Title = {{What drives outward FDI of Chinese firms? Testing the explanatory power of three theoretical frameworks}},
	Uri = {\url{papers2://publication/doi/10.1016/j.ibusrev.2011.05.004}},
	Url = {http://linkinghub.elsevier.com/retrieve/pii/S0969593111000825},
	Volume = {21},
	Year = {2012},
	Bdsk-File-1 = {YnBsaXN0MDDUAQIDBAUGJCVYJHZlcnNpb25YJG9iamVjdHNZJGFyY2hpdmVyVCR0b3ASAAGGoKgHCBMUFRYaIVUkbnVsbNMJCgsMDxJXTlMua2V5c1pOUy5vYmplY3RzViRjbGFzc6INDoACgAOiEBGABIAFgAdccmVsYXRpdmVQYXRoWWFsaWFzRGF0YV8QVC4uLy4uL0Ryb3Bib3gvUGFwZXJzMi9BcnRpY2xlcy8yMDEyL1dhbmcvSW50ZXJuYXRpb25hbCBCdXNpbmVzcyBSZXZpZXcgMjAxMiBXYW5nLnBkZtIXCxgZV05TLmRhdGFPEQIkAAAAAAIkAAIAAAxNYWNpbnRvc2ggSEQAAAAAAAAAAAAAAAAAAADMpuKySCsAAAA2cSofSW50ZXJuYXRpb25hbCBCdXNpbmUjMzY3MTJCLnBkZgAAAAAAAAAAAAAAAAAAAAAAAAAAAAAAAAAAAAAAAAAAADZxK8uJrlQAAAAAAAAAAAACAAYAAAkgAAAAAAAAAAAAAAAAAAAABFdhbmcAEAAIAADMpsaSAAAAEQAIAADLiaBEAAAAAQAcADZxKgA2cSkANmv+ADaHvQAP42IACPC/AAIGOwACAGFNYWNpbnRvc2ggSEQ6VXNlcnM6AGR1Y286AERyb3Bib3g6AFBhcGVyczI6AEFydGljbGVzOgAyMDEyOgBXYW5nOgBJbnRlcm5hdGlvbmFsIEJ1c2luZSMzNjcxMkIucGRmAAAOAFgAKwBJAG4AdABlAHIAbgBhAHQAaQBvAG4AYQBsACAAQgB1AHMAaQBuAGUAcwBzACAAUgBlAHYAaQBlAHcAIAAyADAAMQAyACAAVwBhAG4AZwAuAHAAZABmAA8AGgAMAE0AYQBjAGkAbgB0AG8AcwBoACAASABEABIAWVVzZXJzL2R1Y28vRHJvcGJveC9QYXBlcnMyL0FydGljbGVzLzIwMTIvV2FuZy9JbnRlcm5hdGlvbmFsIEJ1c2luZXNzIFJldmlldyAyMDEyIFdhbmcucGRmAAATAAEvAAAVAAIAC///AACABtIbHB0eWiRjbGFzc25hbWVYJGNsYXNzZXNdTlNNdXRhYmxlRGF0YaMdHyBWTlNEYXRhWE5TT2JqZWN00hscIiNcTlNEaWN0aW9uYXJ5oiIgXxAPTlNLZXllZEFyY2hpdmVy0SYnVHJvb3SAAQAIABEAGgAjAC0AMgA3AEAARgBNAFUAYABnAGoAbABuAHEAcwB1AHcAhACOAOUA6gDyAxoDHAMhAywDNQNDA0cDTgNXA1wDaQNsA34DgQOGAAAAAAAAAgEAAAAAAAAAKAAAAAAAAAAAAAAAAAAAA4g=},
	Bdsk-Url-1 = {http://linkinghub.elsevier.com/retrieve/pii/S0969593111000825},
	Bdsk-Url-2 = {http://dx.doi.org/10.1016/j.ibusrev.2011.05.004}}

@article{Peng:2002,
	Author = {Peng, Mike W},
	Date-Added = {2013-06-05T18:53:04GMT},
	Date-Modified = {2013-06-08 10:27:54 +0000},
	Doi = {10.1023/A:1016291702714},
	File = {{2002 Peng.pdf:/Users/duco/Dropbox/Papers2/Articles/2002/Peng/2002 Peng.pdf:application/pdf}},
	Journal = {Asia Pacific Journal of Management},
	Local-Url = {file://localhost/Users/duco/Dropbox/Papers2/Articles/2002/Peng/2002%20Peng.pdf},
	Month = jan,
	Number = {2-3},
	Pages = {251--267},
	Rating = {0},
	Read = {Yes},
	Title = {{Towards an institution-based view of business strategy}},
	Uri = {\url{papers2://publication/doi/10.1023/A:1016291702714}},
	Url = {http://link.springer.com/article/10.1023%2FA%3A1016291702714},
	Volume = {19},
	Year = {2002},
	Bdsk-File-1 = {YnBsaXN0MDDUAQIDBAUGJCVYJHZlcnNpb25YJG9iamVjdHNZJGFyY2hpdmVyVCR0b3ASAAGGoKgHCBMUFRYaIVUkbnVsbNMJCgsMDxJXTlMua2V5c1pOUy5vYmplY3RzViRjbGFzc6INDoACgAOiEBGABIAFgAdccmVsYXRpdmVQYXRoWWFsaWFzRGF0YV8QNi4uLy4uL0Ryb3Bib3gvUGFwZXJzMi9BcnRpY2xlcy8yMDAyL1BlbmcvMjAwMiBQZW5nLnBkZtIXCxgZV05TLmRhdGFPEQG4AAAAAAG4AAIAAAxNYWNpbnRvc2ggSEQAAAAAAAAAAAAAAAAAAADMpuKySCsAAAA2ciwNMjAwMiBQZW5nLnBkZgAAAAAAAAAAAAAAAAAAAAAAAAAAAAAAAAAAAAAAAAAAAAAAAAAAAAAAAAAAAAAAAAAAADZyLcwde9YAAAAAAAAAAAACAAYAAAkgAAAAAAAAAAAAAAAAAAAABFBlbmcAEAAIAADMpsaSAAAAEQAIAADMHV+2AAAAAQAcADZyLAA2bMsANmv+ADaHvQAP42IACPC/AAIGOwACAE9NYWNpbnRvc2ggSEQ6VXNlcnM6AGR1Y286AERyb3Bib3g6AFBhcGVyczI6AEFydGljbGVzOgAyMDAyOgBQZW5nOgAyMDAyIFBlbmcucGRmAAAOABwADQAyADAAMAAyACAAUABlAG4AZwAuAHAAZABmAA8AGgAMAE0AYQBjAGkAbgB0AG8AcwBoACAASABEABIAO1VzZXJzL2R1Y28vRHJvcGJveC9QYXBlcnMyL0FydGljbGVzLzIwMDIvUGVuZy8yMDAyIFBlbmcucGRmAAATAAEvAAAVAAIAC///AACABtIbHB0eWiRjbGFzc25hbWVYJGNsYXNzZXNdTlNNdXRhYmxlRGF0YaMdHyBWTlNEYXRhWE5TT2JqZWN00hscIiNcTlNEaWN0aW9uYXJ5oiIgXxAPTlNLZXllZEFyY2hpdmVy0SYnVHJvb3SAAQAIABEAGgAjAC0AMgA3AEAARgBNAFUAYABnAGoAbABuAHEAcwB1AHcAhACOAMcAzADUApACkgKXAqICqwK5Ar0CxALNAtIC3wLiAvQC9wL8AAAAAAAAAgEAAAAAAAAAKAAAAAAAAAAAAAAAAAAAAv4=},
	Bdsk-Url-1 = {http://link.springer.com/article/10.1023%2FA%3A1016291702714},
	Bdsk-Url-2 = {http://dx.doi.org/10.1023/A:1016291702714}}

@article{Porter:1980,
	Author = {Porter, Michael E},
	Date-Added = {2013-06-05T18:53:04GMT},
	Date-Modified = {2013-06-08 10:27:54 +0000},
	File = {{1980 Porter.pdf:/Users/duco/Dropbox/Papers2/Articles/1980/Porter/1980 Porter.pdf:application/pdf}},
	Journal = {Financial Analysts Journal},
	Local-Url = {file://localhost/Users/duco/Dropbox/Papers2/Articles/1980/Porter/1980%20Porter.pdf},
	Month = jan,
	Pages = {30--41},
	Publisher = {JSTOR},
	Rating = {0},
	Read = {Yes},
	Title = {{Industry structure and competitive strategy: Keys to profitability}},
	Uri = {\url{papers2://publication/uuid/C7EA2FB8-5746-4386-BFF8-27E298D44569}},
	Url = {http://www.jstor.org/stable/10.2307/4478361},
	Year = {1980},
	Bdsk-File-1 = {YnBsaXN0MDDUAQIDBAUGJCVYJHZlcnNpb25YJG9iamVjdHNZJGFyY2hpdmVyVCR0b3ASAAGGoKgHCBMUFRYaIVUkbnVsbNMJCgsMDxJXTlMua2V5c1pOUy5vYmplY3RzViRjbGFzc6INDoACgAOiEBGABIAFgAdccmVsYXRpdmVQYXRoWWFsaWFzRGF0YV8QOi4uLy4uL0Ryb3Bib3gvUGFwZXJzMi9BcnRpY2xlcy8xOTgwL1BvcnRlci8xOTgwIFBvcnRlci5wZGbSFwsYGVdOUy5kYXRhTxEBxgAAAAABxgACAAAMTWFjaW50b3NoIEhEAAAAAAAAAAAAAAAAAAAAzKbiskgrAAAANm7UDzE5ODAgUG9ydGVyLnBkZgAAAAAAAAAAAAAAAAAAAAAAAAAAAAAAAAAAAAAAAAAAAAAAAAAAAAAAAAAAAAAAAAA2btXN1VoKAAAAAAAAAAAAAgAGAAAJIAAAAAAAAAAAAAAAAAAAAAZQb3J0ZXIAEAAIAADMpsaSAAAAEQAIAADN1T3qAAAAAQAcADZu1AA2btMANmv+ADaHvQAP42IACPC/AAIGOwACAFNNYWNpbnRvc2ggSEQ6VXNlcnM6AGR1Y286AERyb3Bib3g6AFBhcGVyczI6AEFydGljbGVzOgAxOTgwOgBQb3J0ZXI6ADE5ODAgUG9ydGVyLnBkZgAADgAgAA8AMQA5ADgAMAAgAFAAbwByAHQAZQByAC4AcABkAGYADwAaAAwATQBhAGMAaQBuAHQAbwBzAGgAIABIAEQAEgA/VXNlcnMvZHVjby9Ecm9wYm94L1BhcGVyczIvQXJ0aWNsZXMvMTk4MC9Qb3J0ZXIvMTk4MCBQb3J0ZXIucGRmAAATAAEvAAAVAAIAC///AACABtIbHB0eWiRjbGFzc25hbWVYJGNsYXNzZXNdTlNNdXRhYmxlRGF0YaMdHyBWTlNEYXRhWE5TT2JqZWN00hscIiNcTlNEaWN0aW9uYXJ5oiIgXxAPTlNLZXllZEFyY2hpdmVy0SYnVHJvb3SAAQAIABEAGgAjAC0AMgA3AEAARgBNAFUAYABnAGoAbABuAHEAcwB1AHcAhACOAMsA0ADYAqICpAKpArQCvQLLAs8C1gLfAuQC8QL0AwYDCQMOAAAAAAAAAgEAAAAAAAAAKAAAAAAAAAAAAAAAAAAAAxA=},
	Bdsk-Url-1 = {http://www.jstor.org/stable/10.2307/4478361}}

@article{Hudec:2002,
	Author = {Hudec, R E},
	Date-Added = {2013-06-05T18:53:04GMT},
	Date-Modified = {2013-06-08 10:27:54 +0000},
	File = {{2002 Hudec.pdf:/Users/duco/Dropbox/Papers2/Articles/2002/Hudec/2002 Hudec.pdf:application/pdf}},
	Journal = {World Trade Review},
	Local-Url = {file://localhost/Users/duco/Dropbox/Papers2/Articles/2002/Hudec/2002%20Hudec.pdf},
	Number = {02},
	Pages = {211--222},
	Publisher = {Cambridge Univ Press},
	Rating = {0},
	Title = {{Free trade, sovereignty, democracy: the future of the World Trade Organization}},
	Uri = {\url{papers2://publication/uuid/0C5A18EC-2152-4B21-8781-CAC61021000F}},
	Url = {http://journals.cambridge.org/abstract_S1474745602001167},
	Volume = {1},
	Year = {2002},
	Bdsk-File-1 = {YnBsaXN0MDDUAQIDBAUGJCVYJHZlcnNpb25YJG9iamVjdHNZJGFyY2hpdmVyVCR0b3ASAAGGoKgHCBMUFRYaIVUkbnVsbNMJCgsMDxJXTlMua2V5c1pOUy5vYmplY3RzViRjbGFzc6INDoACgAOiEBGABIAFgAdccmVsYXRpdmVQYXRoWWFsaWFzRGF0YV8QOC4uLy4uL0Ryb3Bib3gvUGFwZXJzMi9BcnRpY2xlcy8yMDAyL0h1ZGVjLzIwMDIgSHVkZWMucGRm0hcLGBlXTlMuZGF0YU8RAcAAAAAAAcAAAgAADE1hY2ludG9zaCBIRAAAAAAAAAAAAAAAAAAAAMym4rJIKwAAADZ9uQ4yMDAyIEh1ZGVjLnBkZgAAAAAAAAAAAAAAAAAAAAAAAAAAAAAAAAAAAAAAAAAAAAAAAAAAAAAAAAAAAAAAAAAANn2Kt/YXCQAAAAAAAAAAAAIABgAACSAAAAAAAAAAAAAAAAAAAAAFSHVkZWMAABAACAAAzKbGkgAAABEACAAAt/X66QAAAAEAHAA2fbkANmzLADZr/gA2h70AD+NiAAjwvwACBjsAAgBRTWFjaW50b3NoIEhEOlVzZXJzOgBkdWNvOgBEcm9wYm94OgBQYXBlcnMyOgBBcnRpY2xlczoAMjAwMjoASHVkZWM6ADIwMDIgSHVkZWMucGRmAAAOAB4ADgAyADAAMAAyACAASAB1AGQAZQBjAC4AcABkAGYADwAaAAwATQBhAGMAaQBuAHQAbwBzAGgAIABIAEQAEgA9VXNlcnMvZHVjby9Ecm9wYm94L1BhcGVyczIvQXJ0aWNsZXMvMjAwMi9IdWRlYy8yMDAyIEh1ZGVjLnBkZgAAEwABLwAAFQACAAv//wAAgAbSGxwdHlokY2xhc3NuYW1lWCRjbGFzc2VzXU5TTXV0YWJsZURhdGGjHR8gVk5TRGF0YVhOU09iamVjdNIbHCIjXE5TRGljdGlvbmFyeaIiIF8QD05TS2V5ZWRBcmNoaXZlctEmJ1Ryb290gAEACAARABoAIwAtADIANwBAAEYATQBVAGAAZwBqAGwAbgBxAHMAdQB3AIQAjgDJAM4A1gKaApwCoQKsArUCwwLHAs4C1wLcAukC7AL+AwEDBgAAAAAAAAIBAAAAAAAAACgAAAAAAAAAAAAAAAAAAAMI},
	Bdsk-Url-1 = {http://journals.cambridge.org/abstract_S1474745602001167}}

@booklet{Von-Reden:2004,
	Abstract = {Reveals how the concept of money did not materialize until the invention of Greek coinage},
	Author = {Von Reden, Sitta},
	Date-Added = {2013-06-05T18:53:05GMT},
	Date-Modified = {2013-06-08 10:27:54 +0000},
	Isbn = {9780472113330},
	Month = jan,
	Rating = {0},
	Read = {Yes},
	Title = {{Money and its Uses in the Ancient Greek World}},
	Uri = {\url{papers2://publication/uuid/F45EE852-A17D-417B-BD32-3875CEEDDC1E}},
	Url = {http://econpapers.repec.org/RePEc:oxp:obooks:9780199271429},
	Year = {2004},
	Bdsk-Url-1 = {http://econpapers.repec.org/RePEc:oxp:obooks:9780199271429}}

@article{Gao:2009,
	Author = {Gao, Gerald Yong and Murray, Janet Y and Kotabe, Masaaki and Lu, Jiangyong},
	Date-Added = {2013-06-05T18:53:07GMT},
	Date-Modified = {2013-06-08 10:27:54 +0000},
	Doi = {10.1057/jibs.2009.27},
	File = {{J Int Bus Stud 2009 Gao.pdf:/Users/duco/Dropbox/Papers2/Articles/2009/Gao/J Int Bus Stud 2009 Gao.pdf:application/pdf}},
	Journal = {Journal of International Business Studies},
	Local-Url = {file://localhost/Users/duco/Dropbox/Papers2/Articles/2009/Gao/J%20Int%20Bus%20Stud%202009%20Gao.pdf},
	Month = may,
	Number = {3},
	Pages = {377--396},
	Rating = {0},
	Read = {Yes},
	Title = {{A ``strategy tripod'' perspective on export behaviors: Evidence from domestic and foreign firms based in an emerging economy}},
	Uri = {\url{papers2://publication/doi/10.1057/jibs.2009.27}},
	Url = {http://www.palgrave-journals.com/doifinder/10.1057/jibs.2009.27},
	Volume = {41},
	Year = {2009},
	Bdsk-File-1 = {YnBsaXN0MDDUAQIDBAUGJCVYJHZlcnNpb25YJG9iamVjdHNZJGFyY2hpdmVyVCR0b3ASAAGGoKgHCBMUFRYaIVUkbnVsbNMJCgsMDxJXTlMua2V5c1pOUy5vYmplY3RzViRjbGFzc6INDoACgAOiEBGABIAFgAdccmVsYXRpdmVQYXRoWWFsaWFzRGF0YV8QQy4uLy4uL0Ryb3Bib3gvUGFwZXJzMi9BcnRpY2xlcy8yMDA5L0dhby9KIEludCBCdXMgU3R1ZCAyMDA5IEdhby5wZGbSFwsYGVdOUy5kYXRhTxEB7AAAAAAB7AACAAAMTWFjaW50b3NoIEhEAAAAAAAAAAAAAAAAAAAAzKbiskgrAAAANmwtG0ogSW50IEJ1cyBTdHVkIDIwMDkgR2FvLnBkZgAAAAAAAAAAAAAAAAAAAAAAAAAAAAAAAAAAAAAAAAAAAAAAAAA2bC7N1VgvAAAAAAAAAAAAAgAGAAAJIAAAAAAAAAAAAAAAAAAAAANHYW8AABAACAAAzKbGkgAAABEACAAAzdU8DwAAAAEAHAA2bC0ANmwsADZr/gA2h70AD+NiAAjwvwACBjsAAgBcTWFjaW50b3NoIEhEOlVzZXJzOgBkdWNvOgBEcm9wYm94OgBQYXBlcnMyOgBBcnRpY2xlczoAMjAwOToAR2FvOgBKIEludCBCdXMgU3R1ZCAyMDA5IEdhby5wZGYADgA4ABsASgAgAEkAbgB0ACAAQgB1AHMAIABTAHQAdQBkACAAMgAwADAAOQAgAEcAYQBvAC4AcABkAGYADwAaAAwATQBhAGMAaQBuAHQAbwBzAGgAIABIAEQAEgBIVXNlcnMvZHVjby9Ecm9wYm94L1BhcGVyczIvQXJ0aWNsZXMvMjAwOS9HYW8vSiBJbnQgQnVzIFN0dWQgMjAwOSBHYW8ucGRmABMAAS8AABUAAgAL//8AAIAG0hscHR5aJGNsYXNzbmFtZVgkY2xhc3Nlc11OU011dGFibGVEYXRhox0fIFZOU0RhdGFYTlNPYmplY3TSGxwiI1xOU0RpY3Rpb25hcnmiIiBfEA9OU0tleWVkQXJjaGl2ZXLRJidUcm9vdIABAAgAEQAaACMALQAyADcAQABGAE0AVQBgAGcAagBsAG4AcQBzAHUAdwCEAI4A1ADZAOEC0QLTAtgC4wLsAvoC/gMFAw4DEwMgAyMDNQM4Az0AAAAAAAACAQAAAAAAAAAoAAAAAAAAAAAAAAAAAAADPw==},
	Bdsk-Url-1 = {http://www.palgrave-journals.com/doifinder/10.1057/jibs.2009.27},
	Bdsk-Url-2 = {http://dx.doi.org/10.1057/jibs.2009.27}}

@article{Peng:2008,
	Author = {Peng, Mike W and Khoury, Theodore A},
	Date-Added = {2013-06-05T18:53:05GMT},
	Date-Modified = {2013-06-08 10:27:54 +0000},
	File = {{UNBUNDLING THE INSTITUTION- BASED_2008apdf 2008 Peng.pdf:/Users/duco/Dropbox/Papers2/Articles/2008/Peng/UNBUNDLING THE INSTITUTION- BASED_2008apdf 2008 Peng.pdf:application/pdf}},
	Journal = {UNBUNDLING THE INSTITUTION- BASED_2008apdf},
	Local-Url = {file://localhost/Users/duco/Dropbox/Papers2/Articles/2008/Peng/UNBUNDLING%20THE%20INSTITUTION-%20BASED_2008apdf%202008%20Peng.pdf},
	Month = jan,
	Pages = {256--268},
	Rating = {0},
	Title = {{Unbundeling the institution based view of international business strategy}},
	Uri = {\url{papers2://publication/uuid/89BF794C-D119-4F77-923A-4DACA0FEDCE0}},
	Url = {http://www.utdallas.edu/~mikepeng/pdf/PengKhoury08OHIBRugmanPROOF0804.pdf},
	Year = {2008},
	Bdsk-File-1 = {YnBsaXN0MDDUAQIDBAUGJCVYJHZlcnNpb25YJG9iamVjdHNZJGFyY2hpdmVyVCR0b3ASAAGGoKgHCBMUFRYaIVUkbnVsbNMJCgsMDxJXTlMua2V5c1pOUy5vYmplY3RzViRjbGFzc6INDoACgAOiEBGABIAFgAdccmVsYXRpdmVQYXRoWWFsaWFzRGF0YV8QYS4uLy4uL0Ryb3Bib3gvUGFwZXJzMi9BcnRpY2xlcy8yMDA4L1BlbmcvVU5CVU5ETElORyBUSEUgSU5TVElUVVRJT04tIEJBU0VEXzIwMDhhcGRmIDIwMDggUGVuZy5wZGbSFwsYGVdOUy5kYXRhTxECSgAAAAACSgACAAAMTWFjaW50b3NoIEhEAAAAAAAAAAAAAAAAAAAAzKbiskgrAAAANnBYH1VOQlVORExJTkcgVEhFIElOU1RJIzM2NzA1OS5wZGYAAAAAAAAAAAAAAAAAAAAAAAAAAAAAAAAAAAAAAAAAAAA2cFnEK+16AAAAAAAAAAAAAgAGAAAJIAAAAAAAAAAAAAAAAAAAAARQZW5nABAACAAAzKbGkgAAABEACAAAxCvRWgAAAAEAHAA2cFgANnBXADZr/gA2h70AD+NiAAjwvwACBjsAAgBhTWFjaW50b3NoIEhEOlVzZXJzOgBkdWNvOgBEcm9wYm94OgBQYXBlcnMyOgBBcnRpY2xlczoAMjAwODoAUGVuZzoAVU5CVU5ETElORyBUSEUgSU5TVEkjMzY3MDU5LnBkZgAADgByADgAVQBOAEIAVQBOAEQATABJAE4ARwAgAFQASABFACAASQBOAFMAVABJAFQAVQBUAEkATwBOAC0AIABCAEEAUwBFAEQAXwAyADAAMAA4AGEAcABkAGYAIAAyADAAMAA4ACAAUABlAG4AZwAuAHAAZABmAA8AGgAMAE0AYQBjAGkAbgB0AG8AcwBoACAASABEABIAZlVzZXJzL2R1Y28vRHJvcGJveC9QYXBlcnMyL0FydGljbGVzLzIwMDgvUGVuZy9VTkJVTkRMSU5HIFRIRSBJTlNUSVRVVElPTi0gQkFTRURfMjAwOGFwZGYgMjAwOCBQZW5nLnBkZgATAAEvAAAVAAIAC///AACABtIbHB0eWiRjbGFzc25hbWVYJGNsYXNzZXNdTlNNdXRhYmxlRGF0YaMdHyBWTlNEYXRhWE5TT2JqZWN00hscIiNcTlNEaWN0aW9uYXJ5oiIgXxAPTlNLZXllZEFyY2hpdmVy0SYnVHJvb3SAAQAIABEAGgAjAC0AMgA3AEAARgBNAFUAYABnAGoAbABuAHEAcwB1AHcAhACOAPIA9wD/A00DTwNUA18DaAN2A3oDgQOKA48DnAOfA7EDtAO5AAAAAAAAAgEAAAAAAAAAKAAAAAAAAAAAAAAAAAAAA7s=},
	Bdsk-Url-1 = {http://www.utdallas.edu/~mikepeng/pdf/PengKhoury08OHIBRugmanPROOF0804.pdf}}

@article{Lewin:1999,
	Author = {Lewin, Arie Y and Volberda, Henk W},
	Date-Added = {2013-06-05T18:53:05GMT},
	Date-Modified = {2013-06-08 10:27:54 +0000},
	File = {{1999 Lewin.pdf:/Users/duco/Dropbox/Papers2/Articles/1999/Lewin/1999 Lewin.pdf:application/pdf}},
	Journal = {Organization science},
	Local-Url = {file://localhost/Users/duco/Dropbox/Papers2/Articles/1999/Lewin/1999%20Lewin.pdf},
	Month = jan,
	Number = {5},
	Pages = {519--534},
	Publisher = {INFORMS},
	Rating = {0},
	Title = {{Prolegomena on coevolution: A framework for research on strategy and new organizational forms}},
	Uri = {\url{papers2://publication/uuid/DC1979E0-67FC-473C-BA04-3A5811D8BC66}},
	Url = {http://www.jstor.org/stable/2640315},
	Volume = {10},
	Year = {1999},
	Bdsk-File-1 = {YnBsaXN0MDDUAQIDBAUGJCVYJHZlcnNpb25YJG9iamVjdHNZJGFyY2hpdmVyVCR0b3ASAAGGoKgHCBMUFRYaIVUkbnVsbNMJCgsMDxJXTlMua2V5c1pOUy5vYmplY3RzViRjbGFzc6INDoACgAOiEBGABIAFgAdccmVsYXRpdmVQYXRoWWFsaWFzRGF0YV8QOC4uLy4uL0Ryb3Bib3gvUGFwZXJzMi9BcnRpY2xlcy8xOTk5L0xld2luLzE5OTkgTGV3aW4ucGRm0hcLGBlXTlMuZGF0YU8RAcAAAAAAAcAAAgAADE1hY2ludG9zaCBIRAAAAAAAAAAAAAAAAAAAAMym4rJIKwAAADZ1RQ4xOTk5IExld2luLnBkZgAAAAAAAAAAAAAAAAAAAAAAAAAAAAAAAAAAAAAAAAAAAAAAAAAAAAAAAAAAAAAAAAAANnVGzdVeVgAAAAAAAAAAAAIABgAACSAAAAAAAAAAAAAAAAAAAAAFTGV3aW4AABAACAAAzKbGkgAAABEACAAAzdVCNgAAAAEAHAA2dUUANm9UADZr/gA2h70AD+NiAAjwvwACBjsAAgBRTWFjaW50b3NoIEhEOlVzZXJzOgBkdWNvOgBEcm9wYm94OgBQYXBlcnMyOgBBcnRpY2xlczoAMTk5OToATGV3aW46ADE5OTkgTGV3aW4ucGRmAAAOAB4ADgAxADkAOQA5ACAATABlAHcAaQBuAC4AcABkAGYADwAaAAwATQBhAGMAaQBuAHQAbwBzAGgAIABIAEQAEgA9VXNlcnMvZHVjby9Ecm9wYm94L1BhcGVyczIvQXJ0aWNsZXMvMTk5OS9MZXdpbi8xOTk5IExld2luLnBkZgAAEwABLwAAFQACAAv//wAAgAbSGxwdHlokY2xhc3NuYW1lWCRjbGFzc2VzXU5TTXV0YWJsZURhdGGjHR8gVk5TRGF0YVhOU09iamVjdNIbHCIjXE5TRGljdGlvbmFyeaIiIF8QD05TS2V5ZWRBcmNoaXZlctEmJ1Ryb290gAEACAARABoAIwAtADIANwBAAEYATQBVAGAAZwBqAGwAbgBxAHMAdQB3AIQAjgDJAM4A1gKaApwCoQKsArUCwwLHAs4C1wLcAukC7AL+AwEDBgAAAAAAAAIBAAAAAAAAACgAAAAAAAAAAAAAAAAAAAMI},
	Bdsk-Url-1 = {http://www.jstor.org/stable/2640315}}

@article{Lewis:1983,
	Author = {Lewis, Virginia L and Churchill, Neil},
	Date-Added = {2013-06-05T18:53:05GMT},
	Date-Modified = {2013-06-08 10:27:54 +0000},
	File = {{1983 Lewis.pdf:/Users/duco/Dropbox/Papers2/Articles/1983/Lewis/1983 Lewis.pdf:application/pdf}},
	Journal = {Harvard business review},
	Local-Url = {file://localhost/Users/duco/Dropbox/Papers2/Articles/1983/Lewis/1983%20Lewis.pdf},
	Month = jan,
	Number = {3},
	Pages = {30--50},
	Rating = {0},
	Title = {{The five stages of small business growth}},
	Uri = {\url{papers2://publication/uuid/D45F2AF7-D40A-4024-8520-BEC0D3EFF1E0}},
	Url = {http://www.tameer.org.pk/images/The_Five_Stages_Of_Small_Business_Growth.pdf},
	Volume = {61},
	Year = {1983},
	Bdsk-File-1 = {YnBsaXN0MDDUAQIDBAUGJCVYJHZlcnNpb25YJG9iamVjdHNZJGFyY2hpdmVyVCR0b3ASAAGGoKgHCBMUFRYaIVUkbnVsbNMJCgsMDxJXTlMua2V5c1pOUy5vYmplY3RzViRjbGFzc6INDoACgAOiEBGABIAFgAdccmVsYXRpdmVQYXRoWWFsaWFzRGF0YV8QOC4uLy4uL0Ryb3Bib3gvUGFwZXJzMi9BcnRpY2xlcy8xOTgzL0xld2lzLzE5ODMgTGV3aXMucGRm0hcLGBlXTlMuZGF0YU8RAcAAAAAAAcAAAgAADE1hY2ludG9zaCBIRAAAAAAAAAAAAAAAAAAAAMym4rJIKwAAADZ3Pg4xOTgzIExld2lzLnBkZgAAAAAAAAAAAAAAAAAAAAAAAAAAAAAAAAAAAAAAAAAAAAAAAAAAAAAAAAAAAAAAAAAANnc/yulOAAAAAAAAAAAAAAIABgAACSAAAAAAAAAAAAAAAAAAAAAFTGV3aXMAABAACAAAzKbGkgAAABEACAAAyuk/8AAAAAEAHAA2dz4ANnc9ADZr/gA2h70AD+NiAAjwvwACBjsAAgBRTWFjaW50b3NoIEhEOlVzZXJzOgBkdWNvOgBEcm9wYm94OgBQYXBlcnMyOgBBcnRpY2xlczoAMTk4MzoATGV3aXM6ADE5ODMgTGV3aXMucGRmAAAOAB4ADgAxADkAOAAzACAATABlAHcAaQBzAC4AcABkAGYADwAaAAwATQBhAGMAaQBuAHQAbwBzAGgAIABIAEQAEgA9VXNlcnMvZHVjby9Ecm9wYm94L1BhcGVyczIvQXJ0aWNsZXMvMTk4My9MZXdpcy8xOTgzIExld2lzLnBkZgAAEwABLwAAFQACAAv//wAAgAbSGxwdHlokY2xhc3NuYW1lWCRjbGFzc2VzXU5TTXV0YWJsZURhdGGjHR8gVk5TRGF0YVhOU09iamVjdNIbHCIjXE5TRGljdGlvbmFyeaIiIF8QD05TS2V5ZWRBcmNoaXZlctEmJ1Ryb290gAEACAARABoAIwAtADIANwBAAEYATQBVAGAAZwBqAGwAbgBxAHMAdQB3AIQAjgDJAM4A1gKaApwCoQKsArUCwwLHAs4C1wLcAukC7AL+AwEDBgAAAAAAAAIBAAAAAAAAACgAAAAAAAAAAAAAAAAAAAMI},
	Bdsk-Url-1 = {http://www.tameer.org.pk/images/The_Five_Stages_Of_Small_Business_Growth.pdf}}

@article{Melendez-Ortiz:2012,
	Author = {Melendez-Ortiz, Ricardo and Bellmann, Christophe and Mendoza, Miguel Rodriguez},
	Date-Added = {2013-06-05T18:53:05GMT},
	Date-Modified = {2013-06-08 10:27:54 +0000},
	File = {{2012 Melendez-Ortiz.pdf:/Users/duco/Dropbox/Papers2/Articles/2012/Melendez-Ortiz/2012 Melendez-Ortiz.pdf:application/pdf}},
	Journal = {2. THE FUTURE OF THE MULTILATERAL TRADING_2012a.pdf},
	Local-Url = {file://localhost/Users/duco/Dropbox/Papers2/Articles/2012/Melendez-Ortiz/2012%20Melendez-Ortiz.pdf},
	Month = jun,
	Rating = {0},
	Title = {{The Future and the WTO: Confronting the Chalenges}},
	Uri = {\url{papers2://publication/uuid/30F23849-FD63-4EFB-8794-4E65A849E430}},
	Url = {http://ictsd.org/downloads/2012/07/the-future-and-the-wto-confronting-the-challenges.pdf},
	Year = {2012},
	Bdsk-File-1 = {YnBsaXN0MDDUAQIDBAUGJCVYJHZlcnNpb25YJG9iamVjdHNZJGFyY2hpdmVyVCR0b3ASAAGGoKgHCBMUFRYaIVUkbnVsbNMJCgsMDxJXTlMua2V5c1pOUy5vYmplY3RzViRjbGFzc6INDoACgAOiEBGABIAFgAdccmVsYXRpdmVQYXRoWWFsaWFzRGF0YV8QSi4uLy4uL0Ryb3Bib3gvUGFwZXJzMi9BcnRpY2xlcy8yMDEyL01lbGVuZGV6LU9ydGl6LzIwMTIgTWVsZW5kZXotT3J0aXoucGRm0hcLGBlXTlMuZGF0YU8RAf4AAAAAAf4AAgAADE1hY2ludG9zaCBIRAAAAAAAAAAAAAAAAAAAAMym4rJIKwAAADfmnBcyMDEyIE1lbGVuZGV6LU9ydGl6LnBkZgAAAAAAAAAAAAAAAAAAAAAAAAAAAAAAAAAAAAAAAAAAAAAAAAAAAAAAN+a5zC2l8wAAAAAAAAAAAAIABgAACSAAAAAAAAAAAAAAAAAAAAAOTWVsZW5kZXotT3J0aXoAEAAIAADMpsaSAAAAEQAIAADMLYnTAAAAAQAcADfmnAA2cSkANmv+ADaHvQAP42IACPC/AAIGOwACAGNNYWNpbnRvc2ggSEQ6VXNlcnM6AGR1Y286AERyb3Bib3g6AFBhcGVyczI6AEFydGljbGVzOgAyMDEyOgBNZWxlbmRlei1PcnRpejoAMjAxMiBNZWxlbmRlei1PcnRpei5wZGYAAA4AMAAXADIAMAAxADIAIABNAGUAbABlAG4AZABlAHoALQBPAHIAdABpAHoALgBwAGQAZgAPABoADABNAGEAYwBpAG4AdABvAHMAaAAgAEgARAASAE9Vc2Vycy9kdWNvL0Ryb3Bib3gvUGFwZXJzMi9BcnRpY2xlcy8yMDEyL01lbGVuZGV6LU9ydGl6LzIwMTIgTWVsZW5kZXotT3J0aXoucGRmAAATAAEvAAAVAAIAC///AACABtIbHB0eWiRjbGFzc25hbWVYJGNsYXNzZXNdTlNNdXRhYmxlRGF0YaMdHyBWTlNEYXRhWE5TT2JqZWN00hscIiNcTlNEaWN0aW9uYXJ5oiIgXxAPTlNLZXllZEFyY2hpdmVy0SYnVHJvb3SAAQAIABEAGgAjAC0AMgA3AEAARgBNAFUAYABnAGoAbABuAHEAcwB1AHcAhACOANsA4ADoAuoC7ALxAvwDBQMTAxcDHgMnAywDOQM8A04DUQNWAAAAAAAAAgEAAAAAAAAAKAAAAAAAAAAAAAAAAAAAA1g=},
	Bdsk-Url-1 = {http://ictsd.org/downloads/2012/07/the-future-and-the-wto-confronting-the-challenges.pdf}}

@article{Tallberg:2002,
	Author = {Tallberg, Jonas},
	Date-Added = {2013-06-05T18:53:05GMT},
	Date-Modified = {2013-06-08 10:27:54 +0000},
	File = {{2002 Tallberg.pdf:/Users/duco/Dropbox/Papers2/Articles/2002/Tallberg/2002 Tallberg.pdf:application/pdf}},
	Journal = {West European Politics},
	Local-Url = {file://localhost/Users/duco/Dropbox/Papers2/Articles/2002/Tallberg/2002%20Tallberg.pdf},
	Month = jan,
	Number = {1},
	Pages = {23--46},
	Publisher = {Taylor {\&} Francis},
	Rating = {0},
	Title = {{Delegation to supranational institutions: why, how, and with what consequences?}},
	Uri = {\url{papers2://publication/uuid/3E659478-18B6-4CD8-9D11-FBD45DF637B5}},
	Url = {http://www.tandfonline.com/doi/full/10.1080/713601584},
	Volume = {25},
	Year = {2002},
	Bdsk-File-1 = {YnBsaXN0MDDUAQIDBAUGJCVYJHZlcnNpb25YJG9iamVjdHNZJGFyY2hpdmVyVCR0b3ASAAGGoKgHCBMUFRYaIVUkbnVsbNMJCgsMDxJXTlMua2V5c1pOUy5vYmplY3RzViRjbGFzc6INDoACgAOiEBGABIAFgAdccmVsYXRpdmVQYXRoWWFsaWFzRGF0YV8QPi4uLy4uL0Ryb3Bib3gvUGFwZXJzMi9BcnRpY2xlcy8yMDAyL1RhbGxiZXJnLzIwMDIgVGFsbGJlcmcucGRm0hcLGBlXTlMuZGF0YU8RAdQAAAAAAdQAAgAADE1hY2ludG9zaCBIRAAAAAAAAAAAAAAAAAAAAMym4rJIKwAAADZszBEyMDAyIFRhbGxiZXJnLnBkZgAAAAAAAAAAAAAAAAAAAAAAAAAAAAAAAAAAAAAAAAAAAAAAAAAAAAAAAAAAAAAANmzNzdVYsQAAAAAAAAAAAAIABgAACSAAAAAAAAAAAAAAAAAAAAAIVGFsbGJlcmcAEAAIAADMpsaSAAAAEQAIAADN1TyRAAAAAQAcADZszAA2bMsANmv+ADaHvQAP42IACPC/AAIGOwACAFdNYWNpbnRvc2ggSEQ6VXNlcnM6AGR1Y286AERyb3Bib3g6AFBhcGVyczI6AEFydGljbGVzOgAyMDAyOgBUYWxsYmVyZzoAMjAwMiBUYWxsYmVyZy5wZGYAAA4AJAARADIAMAAwADIAIABUAGEAbABsAGIAZQByAGcALgBwAGQAZgAPABoADABNAGEAYwBpAG4AdABvAHMAaAAgAEgARAASAENVc2Vycy9kdWNvL0Ryb3Bib3gvUGFwZXJzMi9BcnRpY2xlcy8yMDAyL1RhbGxiZXJnLzIwMDIgVGFsbGJlcmcucGRmAAATAAEvAAAVAAIAC///AACABtIbHB0eWiRjbGFzc25hbWVYJGNsYXNzZXNdTlNNdXRhYmxlRGF0YaMdHyBWTlNEYXRhWE5TT2JqZWN00hscIiNcTlNEaWN0aW9uYXJ5oiIgXxAPTlNLZXllZEFyY2hpdmVy0SYnVHJvb3SAAQAIABEAGgAjAC0AMgA3AEAARgBNAFUAYABnAGoAbABuAHEAcwB1AHcAhACOAM8A1ADcArQCtgK7AsYCzwLdAuEC6ALxAvYDAwMGAxgDGwMgAAAAAAAAAgEAAAAAAAAAKAAAAAAAAAAAAAAAAAAAAyI=},
	Bdsk-Url-1 = {http://www.tandfonline.com/doi/full/10.1080/713601584}}

@article{Cantwell:2009,
	Author = {Cantwell, John and Dunning, John H and Lundan, Sarianna M},
	Date-Added = {2013-06-05T18:53:07GMT},
	Date-Modified = {2013-06-08 10:27:54 +0000},
	Doi = {10.1057/jibs.2009.95},
	File = {{J Int Bus Stud 2009 Cantwell.pdf:/Users/duco/Dropbox/Papers2/Articles/2009/Cantwell/J Int Bus Stud 2009 Cantwell.pdf:application/pdf}},
	Journal = {Journal of International Business Studies},
	Local-Url = {file://localhost/Users/duco/Dropbox/Papers2/Articles/2009/Cantwell/J%20Int%20Bus%20Stud%202009%20Cantwell.pdf},
	Month = dec,
	Number = {4},
	Pages = {567--586},
	Rating = {0},
	Read = {Yes},
	Title = {{An evolutionary approach to understanding international business activity: The co-evolution of MNEs and the institutional environment}},
	Uri = {\url{papers2://publication/doi/10.1057/jibs.2009.95}},
	Url = {http://www.palgrave-journals.com/doifinder/10.1057/jibs.2009.95},
	Volume = {41},
	Year = {2009},
	Bdsk-File-1 = {YnBsaXN0MDDUAQIDBAUGJCVYJHZlcnNpb25YJG9iamVjdHNZJGFyY2hpdmVyVCR0b3ASAAGGoKgHCBMUFRYaIVUkbnVsbNMJCgsMDxJXTlMua2V5c1pOUy5vYmplY3RzViRjbGFzc6INDoACgAOiEBGABIAFgAdccmVsYXRpdmVQYXRoWWFsaWFzRGF0YV8QTS4uLy4uL0Ryb3Bib3gvUGFwZXJzMi9BcnRpY2xlcy8yMDA5L0NhbnR3ZWxsL0ogSW50IEJ1cyBTdHVkIDIwMDkgQ2FudHdlbGwucGRm0hcLGBlXTlMuZGF0YU8RAg4AAAAAAg4AAgAADE1hY2ludG9zaCBIRAAAAAAAAAAAAAAAAAAAAMym4rJIKwAAADZsaR9KIEludCBCdXMgU3R1ZCAyMDA5ICMzNjZDNkEucGRmAAAAAAAAAAAAAAAAAAAAAAAAAAAAAAAAAAAAAAAAAAAANmxqzdVYXAAAAAAAAAAAAAIABgAACSAAAAAAAAAAAAAAAAAAAAAIQ2FudHdlbGwAEAAIAADMpsaSAAAAEQAIAADN1Tw8AAAAAQAcADZsaQA2bCwANmv+ADaHvQAP42IACPC/AAIGOwACAGVNYWNpbnRvc2ggSEQ6VXNlcnM6AGR1Y286AERyb3Bib3g6AFBhcGVyczI6AEFydGljbGVzOgAyMDA5OgBDYW50d2VsbDoASiBJbnQgQnVzIFN0dWQgMjAwOSAjMzY2QzZBLnBkZgAADgBCACAASgAgAEkAbgB0ACAAQgB1AHMAIABTAHQAdQBkACAAMgAwADAAOQAgAEMAYQBuAHQAdwBlAGwAbAAuAHAAZABmAA8AGgAMAE0AYQBjAGkAbgB0AG8AcwBoACAASABEABIAUlVzZXJzL2R1Y28vRHJvcGJveC9QYXBlcnMyL0FydGljbGVzLzIwMDkvQ2FudHdlbGwvSiBJbnQgQnVzIFN0dWQgMjAwOSBDYW50d2VsbC5wZGYAEwABLwAAFQACAAv//wAAgAbSGxwdHlokY2xhc3NuYW1lWCRjbGFzc2VzXU5TTXV0YWJsZURhdGGjHR8gVk5TRGF0YVhOU09iamVjdNIbHCIjXE5TRGljdGlvbmFyeaIiIF8QD05TS2V5ZWRBcmNoaXZlctEmJ1Ryb290gAEACAARABoAIwAtADIANwBAAEYATQBVAGAAZwBqAGwAbgBxAHMAdQB3AIQAjgDeAOMA6wL9Av8DBAMPAxgDJgMqAzEDOgM/A0wDTwNhA2QDaQAAAAAAAAIBAAAAAAAAACgAAAAAAAAAAAAAAAAAAANr},
	Bdsk-Url-1 = {http://www.palgrave-journals.com/doifinder/10.1057/jibs.2009.95},
	Bdsk-Url-2 = {http://dx.doi.org/10.1057/jibs.2009.95}}

@article{Lamy:2012,
	Abstract = {The economic and monetary turbulence we are experiencing today should not prevent us from reflecting either on the future of the global economy in the medium and longer term, or on Europe's place in a rapidly changing geopolitical situation. Let us overlook our ... 
},
	Author = {Lamy, P},
	Date-Added = {2013-06-05T18:53:05GMT},
	Date-Modified = {2013-06-08 10:27:54 +0000},
	File = {{2012 Lamy.pdf:/Users/duco/Dropbox/Papers2/Articles/2012/Lamy/2012 Lamy.pdf:application/pdf}},
	Local-Url = {file://localhost/Users/duco/Dropbox/Papers2/Articles/2012/Lamy/2012%20Lamy.pdf},
	Rating = {0},
	Title = {{The Future of Europe in the New Global Economy}},
	Uri = {\url{papers2://publication/uuid/AD4D8D13-1FD0-4E5C-A8BB-38CCAD773F75}},
	Url = {http://www.notre-europe.eu/media/P.Lamy_EuropeGlobalEconomy_NE_Feb2012_01.pdf},
	Year = {2012},
	Bdsk-File-1 = {YnBsaXN0MDDUAQIDBAUGJCVYJHZlcnNpb25YJG9iamVjdHNZJGFyY2hpdmVyVCR0b3ASAAGGoKgHCBMUFRYaIVUkbnVsbNMJCgsMDxJXTlMua2V5c1pOUy5vYmplY3RzViRjbGFzc6INDoACgAOiEBGABIAFgAdccmVsYXRpdmVQYXRoWWFsaWFzRGF0YV8QNi4uLy4uL0Ryb3Bib3gvUGFwZXJzMi9BcnRpY2xlcy8yMDEyL0xhbXkvMjAxMiBMYW15LnBkZtIXCxgZV05TLmRhdGFPEQG4AAAAAAG4AAIAAAxNYWNpbnRvc2ggSEQAAAAAAAAAAAAAAAAAAADMpuKySCsAAAA2gQgNMjAxMiBMYW15LnBkZgAAAAAAAAAAAAAAAAAAAAAAAAAAAAAAAAAAAAAAAAAAAAAAAAAAAAAAAAAAAAAAAAAAADaA2MwPSqEAAAAAAAAAAAACAAYAAAkgAAAAAAAAAAAAAAAAAAAABExhbXkAEAAIAADMpsaSAAAAEQAIAADMDy6BAAAAAQAcADaBCAA2cSkANmv+ADaHvQAP42IACPC/AAIGOwACAE9NYWNpbnRvc2ggSEQ6VXNlcnM6AGR1Y286AERyb3Bib3g6AFBhcGVyczI6AEFydGljbGVzOgAyMDEyOgBMYW15OgAyMDEyIExhbXkucGRmAAAOABwADQAyADAAMQAyACAATABhAG0AeQAuAHAAZABmAA8AGgAMAE0AYQBjAGkAbgB0AG8AcwBoACAASABEABIAO1VzZXJzL2R1Y28vRHJvcGJveC9QYXBlcnMyL0FydGljbGVzLzIwMTIvTGFteS8yMDEyIExhbXkucGRmAAATAAEvAAAVAAIAC///AACABtIbHB0eWiRjbGFzc25hbWVYJGNsYXNzZXNdTlNNdXRhYmxlRGF0YaMdHyBWTlNEYXRhWE5TT2JqZWN00hscIiNcTlNEaWN0aW9uYXJ5oiIgXxAPTlNLZXllZEFyY2hpdmVy0SYnVHJvb3SAAQAIABEAGgAjAC0AMgA3AEAARgBNAFUAYABnAGoAbABuAHEAcwB1AHcAhACOAMcAzADUApACkgKXAqICqwK5Ar0CxALNAtIC3wLiAvQC9wL8AAAAAAAAAgEAAAAAAAAAKAAAAAAAAAAAAAAAAAAAAv4=},
	Bdsk-Url-1 = {http://www.notre-europe.eu/media/P.Lamy_EuropeGlobalEconomy_NE_Feb2012_01.pdf}}

@book{Westney:2005,
	Abstract = {The original edition of Organization Theory and the Multinational Corporation was a seminal influence in bringing together research on organization theory and international management, particularly the multinational corporation with contributions from leading thinkers. In this new edition, the contributions have been revised and updated to reflect and incorporate new paradigms and thinking in both fields.},
	Annote = {Institutional Theory give us a reason to expect that a global industry constitutes an organisational field whose borders have come to transcend national borders in which there are strong isomorphic pulls on structures and processes not fully accounted for by efficient criteria Institutional Theory = standardisation of services},
	Author = {Westney, D Eleanor},
	Date-Added = {2013-06-05T18:53:05GMT},
	Date-Modified = {2013-06-08 10:27:54 +0000},
	Editor = {Ghoshal, Sumantra and Westney, D Eleanor},
	Isbn = {140390670X},
	Month = jan,
	Publisher = {Palgrave Macmillan},
	Rating = {0},
	Title = {{Organization Theory and the Multinational Corporation}},
	Uri = {\url{papers2://publication/uuid/79C3CFDC-56E5-45F5-87F4-F1FE7B8A3A05}},
	Url = {http://www.worldcat.org/title/organization-theory-and-the-multinational-corporation/oclc/58455220},
	Year = {2005},
	Bdsk-Url-1 = {http://www.worldcat.org/title/organization-theory-and-the-multinational-corporation/oclc/58455220}}

@article{Peng:2003,
	Author = {Peng, Mike W},
	Date-Added = {2013-06-06T13:08:16GMT},
	Date-Modified = {2013-06-08 10:27:54 +0000},
	File = {{2003 Peng-2.pdf:/Users/duco/Dropbox/Papers2/Articles/2003/Peng/2003 Peng-2.pdf:application/pdf}},
	Journal = {Academy of management review},
	Local-Url = {file://localhost/Users/duco/Dropbox/Papers2/Articles/2003/Peng/2003%20Peng-2.pdf},
	Pages = {275--296},
	Publisher = {JSTOR},
	Rating = {0},
	Read = {Yes},
	Title = {{Institutional transitions and strategic choices}},
	Uri = {\url{papers2://publication/uuid/CC151CCC-23A6-4F3B-BAC1-42D0F5CBE854}},
	Url = {http://www.jstor.org/stable/10.2307/30040713},
	Year = {2003},
	Bdsk-File-1 = {YnBsaXN0MDDUAQIDBAUGJCVYJHZlcnNpb25YJG9iamVjdHNZJGFyY2hpdmVyVCR0b3ASAAGGoKgHCBMUFRYaIVUkbnVsbNMJCgsMDxJXTlMua2V5c1pOUy5vYmplY3RzViRjbGFzc6INDoACgAOiEBGABIAFgAdccmVsYXRpdmVQYXRoWWFsaWFzRGF0YV8QOC4uLy4uL0Ryb3Bib3gvUGFwZXJzMi9BcnRpY2xlcy8yMDAzL1BlbmcvMjAwMyBQZW5nLTIucGRm0hcLGBlXTlMuZGF0YU8RAcAAAAAAAcAAAgAADE1hY2ludG9zaCBIRAAAAAAAAAAAAAAAAAAAAMym4rJIKwAAADdwBg8yMDAzIFBlbmctMi5wZGYAAAAAAAAAAAAAAAAAAAAAAAAAAAAAAAAAAAAAAAAAAAAAAAAAAAAAAAAAAAAAAAAAN3OczdZWVAAAAAAAAAAAAAIABgAACSAAAAAAAAAAAAAAAAAAAAAEUGVuZwAQAAgAAMymxpIAAAARAAgAAM3WOjQAAAABABwAN3AGADZxTwA2a/4ANoe9AA/jYgAI8L8AAgY7AAIAUU1hY2ludG9zaCBIRDpVc2VyczoAZHVjbzoARHJvcGJveDoAUGFwZXJzMjoAQXJ0aWNsZXM6ADIwMDM6AFBlbmc6ADIwMDMgUGVuZy0yLnBkZgAADgAgAA8AMgAwADAAMwAgAFAAZQBuAGcALQAyAC4AcABkAGYADwAaAAwATQBhAGMAaQBuAHQAbwBzAGgAIABIAEQAEgA9VXNlcnMvZHVjby9Ecm9wYm94L1BhcGVyczIvQXJ0aWNsZXMvMjAwMy9QZW5nLzIwMDMgUGVuZy0yLnBkZgAAEwABLwAAFQACAAv//wAAgAbSGxwdHlokY2xhc3NuYW1lWCRjbGFzc2VzXU5TTXV0YWJsZURhdGGjHR8gVk5TRGF0YVhOU09iamVjdNIbHCIjXE5TRGljdGlvbmFyeaIiIF8QD05TS2V5ZWRBcmNoaXZlctEmJ1Ryb290gAEACAARABoAIwAtADIANwBAAEYATQBVAGAAZwBqAGwAbgBxAHMAdQB3AIQAjgDJAM4A1gKaApwCoQKsArUCwwLHAs4C1wLcAukC7AL+AwEDBgAAAAAAAAIBAAAAAAAAACgAAAAAAAAAAAAAAAAAAAMI},
	Bdsk-Url-1 = {http://www.jstor.org/stable/10.2307/30040713}}

@article{Child:1972,
	Author = {John Child},
	Date-Added = {2013-06-06T13:10:41GMT},
	Date-Modified = {2013-06-10 09:22:05 +0000},
	Doi = {10.1177/003803857200600101},
	File = {{Sociology 1972 Child.pdf:/Users/duco/Dropbox/Papers2/Articles/1972/Child/Sociology 1972 Child.pdf:application/pdf}},
	Journal = {Sociology},
	Language = {English},
	Local-Url = {file://localhost/Users/duco/Dropbox/Papers2/Articles/1972/Child/Sociology%201972%20Child.pdf},
	Month = jan,
	Number = {1},
	Pages = {1--22},
	Rating = {0},
	Read = {Yes},
	Title = {{Organizational Structure, Environment and Performance: The Role of Strategic Choice}},
	Uri = {\url{papers2://publication/doi/10.1177/003803857200600101}},
	Url = {http://soc.sagepub.com/cgi/doi/10.1177/003803857200600101},
	Volume = {6},
	Year = {1972},
	Bdsk-File-1 = {YnBsaXN0MDDUAQIDBAUGJCVYJHZlcnNpb25YJG9iamVjdHNZJGFyY2hpdmVyVCR0b3ASAAGGoKgHCBMUFRYaIVUkbnVsbNMJCgsMDxJXTlMua2V5c1pOUy5vYmplY3RzViRjbGFzc6INDoACgAOiEBGABIAFgAdccmVsYXRpdmVQYXRoWWFsaWFzRGF0YV8QQi4uLy4uL0Ryb3Bib3gvUGFwZXJzMi9BcnRpY2xlcy8xOTcyL0NoaWxkL1NvY2lvbG9neSAxOTcyIENoaWxkLnBkZtIXCxgZV05TLmRhdGFPEQHoAAAAAAHoAAIAAAxNYWNpbnRvc2ggSEQAAAAAAAAAAAAAAAAAAADMpuKySCsAAAA3docYU29jaW9sb2d5IDE5NzIgQ2hpbGQucGRmAAAAAAAAAAAAAAAAAAAAAAAAAAAAAAAAAAAAAAAAAAAAAAAAAAAAADd2Yc3WVugAAAAAAAAAAAACAAYAAAkgAAAAAAAAAAAAAAAAAAAABUNoaWxkAAAQAAgAAMymxpIAAAARAAgAAM3WOsgAAAABABwAN3aHADd2hgA2a/4ANoe9AA/jYgAI8L8AAgY7AAIAW01hY2ludG9zaCBIRDpVc2VyczoAZHVjbzoARHJvcGJveDoAUGFwZXJzMjoAQXJ0aWNsZXM6ADE5NzI6AENoaWxkOgBTb2Npb2xvZ3kgMTk3MiBDaGlsZC5wZGYAAA4AMgAYAFMAbwBjAGkAbwBsAG8AZwB5ACAAMQA5ADcAMgAgAEMAaABpAGwAZAAuAHAAZABmAA8AGgAMAE0AYQBjAGkAbgB0AG8AcwBoACAASABEABIAR1VzZXJzL2R1Y28vRHJvcGJveC9QYXBlcnMyL0FydGljbGVzLzE5NzIvQ2hpbGQvU29jaW9sb2d5IDE5NzIgQ2hpbGQucGRmAAATAAEvAAAVAAIAC///AACABtIbHB0eWiRjbGFzc25hbWVYJGNsYXNzZXNdTlNNdXRhYmxlRGF0YaMdHyBWTlNEYXRhWE5TT2JqZWN00hscIiNcTlNEaWN0aW9uYXJ5oiIgXxAPTlNLZXllZEFyY2hpdmVy0SYnVHJvb3SAAQAIABEAGgAjAC0AMgA3AEAARgBNAFUAYABnAGoAbABuAHEAcwB1AHcAhACOANMA2ADgAswCzgLTAt4C5wL1AvkDAAMJAw4DGwMeAzADMwM4AAAAAAAAAgEAAAAAAAAAKAAAAAAAAAAAAAAAAAAAAzo=},
	Bdsk-Url-1 = {http://soc.sagepub.com/cgi/doi/10.1177/003803857200600101},
	Bdsk-Url-2 = {http://dx.doi.org/10.1177/003803857200600101}}

@article{Oliver:1997,
	Author = {Oliver, Christine},
	Date-Added = {2013-06-07T14:55:32GMT},
	Date-Modified = {2013-06-08 10:27:54 +0000},
	File = {{Strat. Mgmt. J. 1997 Oliver.pdf:/Users/duco/Dropbox/Papers2/Articles/1997/Oliver/Strat. Mgmt. J. 1997 Oliver.pdf:application/pdf}},
	Journal = {Strategic Management Journal},
	Local-Url = {file://localhost/Users/duco/Dropbox/Papers2/Articles/1997/Oliver/Strat.%20Mgmt.%20J.%201997%20Oliver.pdf},
	Number = {9},
	Pages = {697--713},
	Rating = {0},
	Title = {{Sustainable competitive advantage: Combining institutional and resource-based views}},
	Uri = {\url{papers2://publication/uuid/48F021B2-885E-4C46-AC26-50E176521157}},
	Url = {http://ead.mackenzie.br/mackenzievirtual/file.php/13041/TEXTOS_BASICOS/OLIVER_SUSTAINABLE_COMPETITIVE_ADVANTAGE_COMBINING_INSTITUTIONAL_AND_RESOURCEBASED_VIEW_1997_.pdf},
	Volume = {18},
	Year = {1997},
	Bdsk-File-1 = {YnBsaXN0MDDUAQIDBAUGJCVYJHZlcnNpb25YJG9iamVjdHNZJGFyY2hpdmVyVCR0b3ASAAGGoKgHCBMUFRYaIVUkbnVsbNMJCgsMDxJXTlMua2V5c1pOUy5vYmplY3RzViRjbGFzc6INDoACgAOiEBGABIAFgAdccmVsYXRpdmVQYXRoWWFsaWFzRGF0YV8QSi4uLy4uL0Ryb3Bib3gvUGFwZXJzMi9BcnRpY2xlcy8xOTk3L09saXZlci9TdHJhdC4gTWdtdC4gSi4gMTk5NyBPbGl2ZXIucGRm0hcLGBlXTlMuZGF0YU8RAgYAAAAAAgYAAgAADE1hY2ludG9zaCBIRAAAAAAAAAAAAAAAAAAAAMym4rJIKwAAADfmhR9TdHJhdC4gTWdtdC4gSi4gMTk5NyBPbGl2ZXIucGRmAAAAAAAAAAAAAAAAAAAAAAAAAAAAAAAAAAAAAAAAAAAAN+hjzdfA+QAAAAAAAAAAAAIABgAACSAAAAAAAAAAAAAAAAAAAAAGT2xpdmVyABAACAAAzKbGkgAAABEACAAAzdek2QAAAAEAHAA35oUANnQjADZr/gA2h70AD+NiAAjwvwACBjsAAgBjTWFjaW50b3NoIEhEOlVzZXJzOgBkdWNvOgBEcm9wYm94OgBQYXBlcnMyOgBBcnRpY2xlczoAMTk5NzoAT2xpdmVyOgBTdHJhdC4gTWdtdC4gSi4gMTk5NyBPbGl2ZXIucGRmAAAOAEAAHwBTAHQAcgBhAHQALgAgAE0AZwBtAHQALgAgAEoALgAgADEAOQA5ADcAIABPAGwAaQB2AGUAcgAuAHAAZABmAA8AGgAMAE0AYQBjAGkAbgB0AG8AcwBoACAASABEABIAT1VzZXJzL2R1Y28vRHJvcGJveC9QYXBlcnMyL0FydGljbGVzLzE5OTcvT2xpdmVyL1N0cmF0LiBNZ210LiBKLiAxOTk3IE9saXZlci5wZGYAABMAAS8AABUAAgAL//8AAIAG0hscHR5aJGNsYXNzbmFtZVgkY2xhc3Nlc11OU011dGFibGVEYXRhox0fIFZOU0RhdGFYTlNPYmplY3TSGxwiI1xOU0RpY3Rpb25hcnmiIiBfEA9OU0tleWVkQXJjaGl2ZXLRJidUcm9vdIABAAgAEQAaACMALQAyADcAQABGAE0AVQBgAGcAagBsAG4AcQBzAHUAdwCEAI4A2wDgAOgC8gL0AvkDBAMNAxsDHwMmAy8DNANBA0QDVgNZA14AAAAAAAACAQAAAAAAAAAoAAAAAAAAAAAAAAAAAAADYA==},
	Bdsk-Url-1 = {http://ead.mackenzie.br/mackenzievirtual/file.php/13041/TEXTOS_BASICOS/OLIVER_SUSTAINABLE_COMPETITIVE_ADVANTAGE_COMBINING_INSTITUTIONAL_AND_RESOURCEBASED_VIEW_1997_.pdf}}

@techreport{:2012,
	Date-Added = {2013-06-05T18:53:04GMT},
	Date-Modified = {2013-06-08 10:27:54 +0000},
	Month = jan,
	Rating = {0},
	Title = {{Interview Disclosure Consent Form v1.0}},
	Uri = {\url{papers2://publication/uuid/AD3F9F27-5C2D-4D8B-A580-E7769414639F}},
	Year = {2012}}

@book{North:1990,
	Author = {North, Douglass C},
	Date-Added = {2013-06-07T15:32:54GMT},
	Date-Modified = {2013-06-08 10:43:51 +0000},
	Isbn = {0521397340},
	Month = oct,
	Publisher = {Cambridge University Press},
	Rating = {0},
	Read = {Yes},
	Title = {Institutions, Institutional Change and Economic Performance},
	Uri = {\url{papers2://publication/uuid/153F27CF-45BA-47DC-9FB2-B6109C2AFCA6}},
	Url = {http://www.worldcat.org/title/institutions-institutional-change-and-economic-performance/oclc/21293340},
	Year = {1990},
	Bdsk-Url-1 = {http://www.worldcat.org/title/institutions-institutional-change-and-economic-performance/oclc/21293340}}

@article{Essen:2012,
	Abstract = {Journal of International Business Studies 43, 396 (2012). doi:10.1057/jibs.2012.6},
	Author = {van Essen, Marc and Heugens, Pursey PMAR and Otten, Jordan and van Oosterhout, J Hans},
	Date-Added = {2013-06-07T15:40:44GMT},
	Date-Modified = {2013-06-08 10:27:54 +0000},
	Doi = {10.1057/jibs.2012.6},
	File = {{2012 van Essen.pdf:/Users/duco/Dropbox/Papers2/Articles/2012/van Essen/2012 van Essen.pdf:application/pdf}},
	Issn = {1478-6990},
	Local-Url = {file://localhost/Users/duco/Dropbox/Papers2/Articles/2012/van%20Essen/2012%20van%20Essen.pdf},
	Month = mar,
	Number = {4},
	Pages = {396--423},
	Publisher = {Nature Publishing Group},
	Rating = {0},
	Read = {Yes},
	Title = {{An institution-based view of executive compensation: A multilevel meta-analytic test}},
	Uri = {\url{papers2://publication/doi/10.1057/jibs.2012.6}},
	Url = {http://dx.doi.org/10.1057/jibs.2012.6},
	Volume = {43},
	Year = {2012},
	Bdsk-File-1 = {YnBsaXN0MDDUAQIDBAUGJCVYJHZlcnNpb25YJG9iamVjdHNZJGFyY2hpdmVyVCR0b3ASAAGGoKgHCBMUFRYaIVUkbnVsbNMJCgsMDxJXTlMua2V5c1pOUy5vYmplY3RzViRjbGFzc6INDoACgAOiEBGABIAFgAdccmVsYXRpdmVQYXRoWWFsaWFzRGF0YV8QQC4uLy4uL0Ryb3Bib3gvUGFwZXJzMi9BcnRpY2xlcy8yMDEyL3ZhbiBFc3Nlbi8yMDEyIHZhbiBFc3Nlbi5wZGbSFwsYGVdOUy5kYXRhTxEB3AAAAAAB3AACAAAMTWFjaW50b3NoIEhEAAAAAAAAAAAAAAAAAAAAzKbiskgrAAAAN+aOEjIwMTIgdmFuIEVzc2VuLnBkZgAAAAAAAAAAAAAAAAAAAAAAAAAAAAAAAAAAAAAAAAAAAAAAAAAAAAAAAAAAAAA36FbN18uQAAAAAAAAAAAAAgAGAAAJIAAAAAAAAAAAAAAAAAAAAAl2YW4gRXNzZW4AABAACAAAzKbGkgAAABEACAAAzdevcAAAAAEAHAA35o4ANnEpADZr/gA2h70AD+NiAAjwvwACBjsAAgBZTWFjaW50b3NoIEhEOlVzZXJzOgBkdWNvOgBEcm9wYm94OgBQYXBlcnMyOgBBcnRpY2xlczoAMjAxMjoAdmFuIEVzc2VuOgAyMDEyIHZhbiBFc3Nlbi5wZGYAAA4AJgASADIAMAAxADIAIAB2AGEAbgAgAEUAcwBzAGUAbgAuAHAAZABmAA8AGgAMAE0AYQBjAGkAbgB0AG8AcwBoACAASABEABIARVVzZXJzL2R1Y28vRHJvcGJveC9QYXBlcnMyL0FydGljbGVzLzIwMTIvdmFuIEVzc2VuLzIwMTIgdmFuIEVzc2VuLnBkZgAAEwABLwAAFQACAAv//wAAgAbSGxwdHlokY2xhc3NuYW1lWCRjbGFzc2VzXU5TTXV0YWJsZURhdGGjHR8gVk5TRGF0YVhOU09iamVjdNIbHCIjXE5TRGljdGlvbmFyeaIiIF8QD05TS2V5ZWRBcmNoaXZlctEmJ1Ryb290gAEACAARABoAIwAtADIANwBAAEYATQBVAGAAZwBqAGwAbgBxAHMAdQB3AIQAjgDRANYA3gK+AsACxQLQAtkC5wLrAvIC+wMAAw0DEAMiAyUDKgAAAAAAAAIBAAAAAAAAACgAAAAAAAAAAAAAAAAAAAMs},
	Bdsk-Url-1 = {http://dx.doi.org/10.1057/jibs.2012.6}}

@article{Schumpeter:2012,
	Author = {{Schumpeter}},
	Date-Added = {2013-06-08T09:57:58GMT},
	Date-Modified = {2013-06-08 10:27:54 +0000},
	File = {{economist 2012 Schumpeter-1.pdf:/Users/duco/Dropbox/Papers2/Articles/2012/Schumpeter/economist 2012 Schumpeter-1.pdf:application/pdf}},
	Journal = {Economist},
	Local-Url = {file://localhost/Users/duco/Dropbox/Papers2/Articles/2012/Schumpeter/economist%202012%20Schumpeter-1.pdf},
	Month = aug,
	Pages = {1--3},
	Rating = {0},
	Read = {Yes},
	Title = {{Apple versus Samsung: Copy that}},
	Uri = {\url{papers2://publication/uuid/23099FE0-33B7-44DD-B914-2E9B15F5DE0E}},
	Url = {http://www.economist.com/node/21561017},
	Year = {2012},
	Bdsk-Url-1 = {http://www.economist.com/node/21561017}}

@article{Stearns:2013,
	Author = {Stearns, Jonathan},
	Date-Added = {2013-06-08T09:58:05GMT},
	Date-Modified = {2013-06-08 10:27:54 +0000},
	File = {{Bloomberg Businessweek 2013 Stearns.pdf:/Users/duco/Dropbox/Papers2/Articles/2013/Stearns/Bloomberg Businessweek 2013 Stearns.pdf:application/pdf}},
	Journal = {Bloomberg Businessweek},
	Local-Url = {file://localhost/Users/duco/Dropbox/Papers2/Articles/2013/Stearns/Bloomberg%20Businessweek%202013%20Stearns.pdf},
	Month = jun,
	Pages = {1--3},
	Rating = {0},
	Title = {{EU Hits China With Solar-Panel Duties in Biggest Dumping Row}},
	Uri = {\url{papers2://publication/uuid/A8EA2268-4181-4700-BA73-7ABBA4286419}},
	Year = {2013},
	Bdsk-File-1 = {YnBsaXN0MDDUAQIDBAUGJCVYJHZlcnNpb25YJG9iamVjdHNZJGFyY2hpdmVyVCR0b3ASAAGGoKgHCBMUFRYaIVUkbnVsbNMJCgsMDxJXTlMua2V5c1pOUy5vYmplY3RzViRjbGFzc6INDoACgAOiEBGABIAFgAdccmVsYXRpdmVQYXRoWWFsaWFzRGF0YV8QUy4uLy4uL0Ryb3Bib3gvUGFwZXJzMi9BcnRpY2xlcy8yMDEzL1N0ZWFybnMvQmxvb21iZXJnIEJ1c2luZXNzd2VlayAyMDEzIFN0ZWFybnMucGRm0hcLGBlXTlMuZGF0YU8RAiAAAAAAAiAAAgAADE1hY2ludG9zaCBIRAAAAAAAAAAAAAAAAAAAAMym4rJIKwAAADfmih9CbG9vbWJlcmcgQnVzaW5lc3N3ZSMzN0U2Q0MucGRmAAAAAAAAAAAAAAAAAAAAAAAAAAAAAAAAAAAAAAAAAAAAN+bMzdTySAAAAAAAAAAAAAIABgAACSAAAAAAAAAAAAAAAAAAAAAHU3RlYXJucwAAEAAIAADMpsaSAAAAEQAIAADN1NYoAAAAAQAcADfmigA35oMANmv+ADaHvQAP42IACPC/AAIGOwACAGRNYWNpbnRvc2ggSEQ6VXNlcnM6AGR1Y286AERyb3Bib3g6AFBhcGVyczI6AEFydGljbGVzOgAyMDEzOgBTdGVhcm5zOgBCbG9vbWJlcmcgQnVzaW5lc3N3ZSMzN0U2Q0MucGRmAA4AUAAnAEIAbABvAG8AbQBiAGUAcgBnACAAQgB1AHMAaQBuAGUAcwBzAHcAZQBlAGsAIAAyADAAMQAzACAAUwB0AGUAYQByAG4AcwAuAHAAZABmAA8AGgAMAE0AYQBjAGkAbgB0AG8AcwBoACAASABEABIAWFVzZXJzL2R1Y28vRHJvcGJveC9QYXBlcnMyL0FydGljbGVzLzIwMTMvU3RlYXJucy9CbG9vbWJlcmcgQnVzaW5lc3N3ZWVrIDIwMTMgU3RlYXJucy5wZGYAEwABLwAAFQACAAv//wAAgAbSGxwdHlokY2xhc3NuYW1lWCRjbGFzc2VzXU5TTXV0YWJsZURhdGGjHR8gVk5TRGF0YVhOU09iamVjdNIbHCIjXE5TRGljdGlvbmFyeaIiIF8QD05TS2V5ZWRBcmNoaXZlctEmJ1Ryb290gAEACAARABoAIwAtADIANwBAAEYATQBVAGAAZwBqAGwAbgBxAHMAdQB3AIQAjgDkAOkA8QMVAxcDHAMnAzADPgNCA0kDUgNXA2QDZwN5A3wDgQAAAAAAAAIBAAAAAAAAACgAAAAAAAAAAAAAAAAAAAOD}}

@article{Economist:2009,
	Author = {{Economist}},
	Date-Added = {2013-06-08T09:58:44GMT},
	Date-Modified = {2013-06-08 10:27:54 +0000},
	File = {{economist 2009 Economist.pdf:/Users/duco/Dropbox/Papers2/Articles/2009/Economist/economist 2009 Economist.pdf:application/pdf}},
	Journal = {Economist},
	Local-Url = {file://localhost/Users/duco/Dropbox/Papers2/Articles/2009/Economist/economist%202009%20Economist.pdf},
	Month = aug,
	Pages = {1--3},
	Rating = {0},
	Read = {Yes},
	Title = {{Boeing and Airbus argue about subsidies}},
	Uri = {\url{papers2://publication/uuid/8CD20A06-A42F-4533-BA98-DA20C240FA49}},
	Year = {2009},
	Bdsk-File-1 = {YnBsaXN0MDDUAQIDBAUGJCVYJHZlcnNpb25YJG9iamVjdHNZJGFyY2hpdmVyVCR0b3ASAAGGoKgHCBMUFRYaIVUkbnVsbNMJCgsMDxJXTlMua2V5c1pOUy5vYmplY3RzViRjbGFzc6INDoACgAOiEBGABIAFgAdccmVsYXRpdmVQYXRoWWFsaWFzRGF0YV8QQC4uLy4uL0Ryb3Bib3gvUGFwZXJzMi9BcnRpY2xlcy8yMDA5L1Vua25vd24vRWNvbm9taXN0IDIwMDktMS5wZGbSFwsYGVdOUy5kYXRhTxEB3gAAAAAB3gACAAAMTWFjaW50b3NoIEhEAAAAAAAAAAAAAAAAAAAAzKbiskgrAAAAN+aMFEVjb25vbWlzdCAyMDA5LTEucGRmAAAAAAAAAAAAAAAAAAAAAAAAAAAAAAAAAAAAAAAAAAAAAAAAAAAAAAAAAAA35nTN1gX8AAAAAAAAAAAAAgAGAAAJIAAAAAAAAAAAAAAAAAAAAAdVbmtub3duAAAQAAgAAMymxpIAAAARAAgAAM3V6dwAAAABABwAN+aMADZsLAA2a/4ANoe9AA/jYgAI8L8AAgY7AAIAWU1hY2ludG9zaCBIRDpVc2VyczoAZHVjbzoARHJvcGJveDoAUGFwZXJzMjoAQXJ0aWNsZXM6ADIwMDk6AFVua25vd246AEVjb25vbWlzdCAyMDA5LTEucGRmAAAOACoAFABFAGMAbwBuAG8AbQBpAHMAdAAgADIAMAAwADkALQAxAC4AcABkAGYADwAaAAwATQBhAGMAaQBuAHQAbwBzAGgAIABIAEQAEgBFVXNlcnMvZHVjby9Ecm9wYm94L1BhcGVyczIvQXJ0aWNsZXMvMjAwOS9Vbmtub3duL0Vjb25vbWlzdCAyMDA5LTEucGRmAAATAAEvAAAVAAIAC///AACABtIbHB0eWiRjbGFzc25hbWVYJGNsYXNzZXNdTlNNdXRhYmxlRGF0YaMdHyBWTlNEYXRhWE5TT2JqZWN00hscIiNcTlNEaWN0aW9uYXJ5oiIgXxAPTlNLZXllZEFyY2hpdmVy0SYnVHJvb3SAAQAIABEAGgAjAC0AMgA3AEAARgBNAFUAYABnAGoAbABuAHEAcwB1AHcAhACOANEA1gDeAsACwgLHAtIC2wLpAu0C9AL9AwIDDwMSAyQDJwMsAAAAAAAAAgEAAAAAAAAAKAAAAAAAAAAAAAAAAAAAAy4=}}

@article{Economist:2009b,
	Author = {{Economist}},
	Date-Added = {2013-06-08T10:18:56GMT},
	Date-Modified = {2013-06-08 10:28:28 +0000},
	File = {{economist 2009 Economist-1.pdf:/Users/duco/Dropbox/Papers2/Articles/2009/Economist/economist 2009 Economist-1.pdf:application/pdf}},
	Journal = {Economist},
	Local-Url = {file://localhost/Users/duco/Dropbox/Papers2/Articles/2009/Economist/economist%202009%20Economist-1.pdf},
	Month = aug,
	Pages = {1--2},
	Rating = {0},
	Read = {Yes},
	Title = {{A dogfight no one can win}},
	Uri = {\url{papers2://publication/uuid/7309F974-2859-4645-BB07-EFDF46A0BC2D}},
	Year = {2009}}

@article{Barney:1991,
	Abstract = {Understanding sources of sustained competitive advantage has become a major area of research in strategic management. Building on the assumptions that strategic resources are heterogeneously distributed across firms and that these differences are stable overtime this article examines the link between firm resources and sustained competitive advantage. Four empirical indicators of the potential of firm resources to generate sustained competitive advantage---value, rareness, imitability, and substitutability---are discussed. The model is applied by analyzing the potential of several firm resources for generating sustained competitive advantages. The article concludes by examining implications of this firm resource model of sustained competitive advantage for other business disciplines},
	Author = {Barney, Jay},
	Date-Added = {2013-06-05T19:08:40GMT},
	Date-Modified = {2013-06-08 10:43:35 +0000},
	File = {{1991 Barney.pdf:/Users/duco/Dropbox/Papers2/Articles/1991/Barney/1991 Barney.pdf:application/pdf}},
	Journal = {Journal of management},
	Local-Url = {file://localhost/Users/duco/Dropbox/Papers2/Articles/1991/Barney/1991%20Barney.pdf},
	Number = {1},
	Pages = {99--120},
	Publisher = {Sage Publications},
	Rating = {0},
	Read = {Yes},
	Title = {Firm Resources and Sustained Competitive Advantage},
	Uri = {\url{papers2://publication/uuid/62C65B92-3CA3-4915-83AC-0E685F24AB9D}},
	Url = {http://jom.sagepub.com/content/17/1/99.short},
	Volume = {17},
	Year = {1991},
	Bdsk-File-1 = {YnBsaXN0MDDUAQIDBAUGJCVYJHZlcnNpb25YJG9iamVjdHNZJGFyY2hpdmVyVCR0b3ASAAGGoKgHCBMUFRYaIVUkbnVsbNMJCgsMDxJXTlMua2V5c1pOUy5vYmplY3RzViRjbGFzc6INDoACgAOiEBGABIAFgAdccmVsYXRpdmVQYXRoWWFsaWFzRGF0YV8QOi4uLy4uL0Ryb3Bib3gvUGFwZXJzMi9BcnRpY2xlcy8xOTkxL0Jhcm5leS8xOTkxIEJhcm5leS5wZGbSFwsYGVdOUy5kYXRhTxEBxgAAAAABxgACAAAMTWFjaW50b3NoIEhEAAAAAAAAAAAAAAAAAAAAzKbiskgrAAAAN6WWDzE5OTEgQmFybmV5LnBkZgAAAAAAAAAAAAAAAAAAAAAAAAAAAAAAAAAAAAAAAAAAAAAAAAAAAAAAAAAAAAAAAAA3pOu67w5IAAAAAAAAAAAAAgAGAAAJIAAAAAAAAAAAAAAAAAAAAAZCYXJuZXkAEAAIAADMpsaSAAAAEQAIAAC67vIoAAAAAQAcADellgA2bogANmv+ADaHvQAP42IACPC/AAIGOwACAFNNYWNpbnRvc2ggSEQ6VXNlcnM6AGR1Y286AERyb3Bib3g6AFBhcGVyczI6AEFydGljbGVzOgAxOTkxOgBCYXJuZXk6ADE5OTEgQmFybmV5LnBkZgAADgAgAA8AMQA5ADkAMQAgAEIAYQByAG4AZQB5AC4AcABkAGYADwAaAAwATQBhAGMAaQBuAHQAbwBzAGgAIABIAEQAEgA/VXNlcnMvZHVjby9Ecm9wYm94L1BhcGVyczIvQXJ0aWNsZXMvMTk5MS9CYXJuZXkvMTk5MSBCYXJuZXkucGRmAAATAAEvAAAVAAIAC///AACABtIbHB0eWiRjbGFzc25hbWVYJGNsYXNzZXNdTlNNdXRhYmxlRGF0YaMdHyBWTlNEYXRhWE5TT2JqZWN00hscIiNcTlNEaWN0aW9uYXJ5oiIgXxAPTlNLZXllZEFyY2hpdmVy0SYnVHJvb3SAAQAIABEAGgAjAC0AMgA3AEAARgBNAFUAYABnAGoAbABuAHEAcwB1AHcAhACOAMsA0ADYAqICpAKpArQCvQLLAs8C1gLfAuQC8QL0AwYDCQMOAAAAAAAAAgEAAAAAAAAAKAAAAAAAAAAAAAAAAAAAAxA=},
	Bdsk-Url-1 = {http://jom.sagepub.com/content/17/1/99.short}}
