%% This BibTeX bibliography file was created using BibDesk.
%% http://bibdesk.sourceforge.net/


%% Created for Duco at 2013-07-09 17:15:55 +0200 


%% Saved with string encoding Unicode (UTF-8) 



@article{Porter:1980,
	Author = {Porter, Michael E},
	Date-Added = {2013-07-09 15:15:46 +0000},
	Date-Modified = {2013-07-09 15:15:46 +0000},
	File = {{1980 Porter.pdf:/Users/duco/Dropbox/Papers2/Articles/1980/Porter/1980 Porter.pdf:application/pdf}},
	Journal = {Financial Analysts Journal},
	Local-Url = {file://localhost/Users/duco/Dropbox/Papers2/Articles/1980/Porter/1980%20Porter.pdf},
	Pages = {30--41},
	Publisher = {JSTOR},
	Rating = {0},
	Read = {Yes},
	Title = {{Industry structure and competitive strategy: Keys to profitability}},
	Uri = {\url{papers2://publication/uuid/C7EA2FB8-5746-4386-BFF8-27E298D44569}},
	Url = {http://www.jstor.org/stable/10.2307/4478361},
	Year = {1980},
	Bdsk-File-1 = {YnBsaXN0MDDUAQIDBAUGJCVYJHZlcnNpb25YJG9iamVjdHNZJGFyY2hpdmVyVCR0b3ASAAGGoKgHCBMUFRYaIVUkbnVsbNMJCgsMDxJXTlMua2V5c1pOUy5vYmplY3RzViRjbGFzc6INDoACgAOiEBGABIAFgAdccmVsYXRpdmVQYXRoWWFsaWFzRGF0YV8QPS4uLy4uLy4uL0Ryb3Bib3gvUGFwZXJzMi9BcnRpY2xlcy8xOTgwL1BvcnRlci8xOTgwIFBvcnRlci5wZGbSFwsYGVdOUy5kYXRhTxEBxgAAAAABxgACAAAMTWFjaW50b3NoIEhEAAAAAAAAAAAAAAAAAAAAzKbiskgrAAAANm7UDzE5ODAgUG9ydGVyLnBkZgAAAAAAAAAAAAAAAAAAAAAAAAAAAAAAAAAAAAAAAAAAAAAAAAAAAAAAAAAAAAAAAAA2btXN1VoKAAAAAAAAAAAAAwAGAAAJIAAAAAAAAAAAAAAAAAAAAAZQb3J0ZXIAEAAIAADMpsaSAAAAEQAIAADN1T3qAAAAAQAcADZu1AA2btMANmv+ADaHvQAP42IACPC/AAIGOwACAFNNYWNpbnRvc2ggSEQ6VXNlcnM6AGR1Y286AERyb3Bib3g6AFBhcGVyczI6AEFydGljbGVzOgAxOTgwOgBQb3J0ZXI6ADE5ODAgUG9ydGVyLnBkZgAADgAgAA8AMQA5ADgAMAAgAFAAbwByAHQAZQByAC4AcABkAGYADwAaAAwATQBhAGMAaQBuAHQAbwBzAGgAIABIAEQAEgA/VXNlcnMvZHVjby9Ecm9wYm94L1BhcGVyczIvQXJ0aWNsZXMvMTk4MC9Qb3J0ZXIvMTk4MCBQb3J0ZXIucGRmAAATAAEvAAAVAAIAC///AACABtIbHB0eWiRjbGFzc25hbWVYJGNsYXNzZXNdTlNNdXRhYmxlRGF0YaMdHyBWTlNEYXRhWE5TT2JqZWN00hscIiNcTlNEaWN0aW9uYXJ5oiIgXxAPTlNLZXllZEFyY2hpdmVy0SYnVHJvb3SAAQAIABEAGgAjAC0AMgA3AEAARgBNAFUAYABnAGoAbABuAHEAcwB1AHcAhACOAM4A0wDbAqUCpwKsArcCwALOAtIC2QLiAucC9AL3AwkDDAMRAAAAAAAAAgEAAAAAAAAAKAAAAAAAAAAAAAAAAAAAAxM=},
	Bdsk-Url-1 = {http://www.jstor.org/stable/10.2307/4478361}}

@phdthesis{Dung:2012,
	Author = {D{\~u}ng, Ng{\^o} Vi},
	Title = {{An Institution-Based View of the Competitive Advantage of Firms in Emerging and Transition Economies}},
	Year = {2012}}
