@Article{,author = {ELLINAS, ANTONIS A. and SULEIMAN, EZRA N.}, title = {Supranationalism in a Transnational Bureaucracy: The Case of the European Commission}, journal = {JCMS: Journal of Common Market Studies}, volume = {49}, number = {5}, pages = {923-947}, year = {2011}, abstract = {}, location = {}, keywords = {}}@Article{,author = {Dyer, W.G. and Wilkins, A.L.}, title = {Better stories, not better constructs, to generate better theory: a rejoinder to Eisenhardt.}, journal = {Academy of management review}, volume = {16}, number = {3}, pages = {613-619}, year = {1991}, abstract = {Abstract In this article the authors discuss an article published in a pervious issue that presented an approach to building better theory through the use of case studies. The authors suggest that the paper does not do enough to support the claim that the methods.}, location = {}, keywords = {}}@Article{,author = {Eisenhardt, K.M.}, title = {Building theories from case study research}, journal = {Academy of management review}, volume = {}, number = {}, pages = {532-550}, year = {1989}, abstract = {This paper describes the process of inducting theory using case studies-from specifying the research questions to reaching closure. Some features of the process, such as problem definition and construct validation, are similar to hypothesis-testing research. Others, such.}, location = {}, keywords = {}}@Article{,author = {Eisenhardt, K.M.}, title = {Better stories and better constructs: The case for rigor and comparative logic.}, journal = {Academy of Management review}, volume = {16}, number = {3}, pages = {620-627}, year = {1991}, abstract = {Abstract In this article the author replies to comments made over an approach to building theory using case studies as previously presented by the author. She notes that the benefits of her method are that the researcher is granted the opportunity to view a variety of cases.}, location = {}, keywords = {}}@Article{,author = {Yin, R.K.}, title = {The case study crisis: Some answers}, journal = {Administrative science quarterly}, volume = {26}, number = {1}, pages = {58-65}, year = {1981}, abstract = {In hisASQ article entitled" Qualitative data as an attractive nuisance," Matthew Miles (1 979) has written a disarmingly candid rendition of the perils of qualitative analysis. Unfortunately, his candor in admitting the existence of these perils was matched by few suggestions for.}, location = {}, keywords = {}}