%% This BibTeX bibliography file was created using BibDesk.
%% http://bibdesk.sourceforge.net/


%% Created for Duco at 2012-11-21 17:13:25 +0100 


%% Saved with string encoding Unicode (UTF-8) 



@article{von1997history,
	Author = {Von Reden, S.},
	Date-Added = {2012-11-20 13:02:18 +0000},
	Date-Modified = {2012-11-20 13:02:18 +0000},
	Journal = {Classical Review},
	Pages = {170--172},
	Publisher = {JSTOR},
	Title = {History from Coinage},
	Year = {1997},
	Bdsk-File-1 = {YnBsaXN0MDDUAQIDBAUIJidUJHRvcFgkb2JqZWN0c1gkdmVyc2lvblkkYXJjaGl2ZXLRBgdUcm9vdIABqAkKFRYXGyIjVSRudWxs0wsMDQ4RElpOUy5vYmplY3RzViRjbGFzc1dOUy5rZXlzog8QgASABoAHohMUgAKAA1lhbGlhc0RhdGFccmVsYXRpdmVQYXRo0hgMGRpXTlMuZGF0YU8RAewAAAAAAewAAgAACU9TIFggTGlvbgAAAAAAAAAAAAAAAAAAAAAAAMtdskpIKwAAAarIvRZIaXN0b3J5IG9mIENvaW5hZ2UucGRmAAAAAAAAAAAAAAAAAAAAAAAAAAAAAAAAAAAAAAAAAAAAAAAAAAAAAAABqsjxzK4UQwAAAAAAAAAAAAEABAAACSAAAAAAAAAAAAAAAAAAAAAFTW9uZXkAABAACAAAy12kOgAAABEACAAAzK34IwAAAAEAIAGqyL0Bqsi3AalvjAGpb4kBqW+HAAbZsAAFG0YAALmWAAIAYE9TIFggTGlvbjpVc2VyczoAZHVjbzoARHJvcGJveDoAVVZBOgBUaGVzaXM6AERvY3VtZW50ZW46AEFydGljbGVzOgBNb25leToASGlzdG9yeSBvZiBDb2luYWdlLnBkZgAOAC4AFgBIAGkAcwB0AG8AcgB5ACAAbwBmACAAQwBvAGkAbgBhAGcAZQAuAHAAZABmAA8AFAAJAE8AUwAgAFgAIABMAGkAbwBuABIATlVzZXJzL2R1Y28vRHJvcGJveC9VVkEvVGhlc2lzL0RvY3VtZW50ZW4vQXJ0aWNsZXMvTW9uZXkvSGlzdG9yeSBvZiBDb2luYWdlLnBkZgATAAEvAAAVAAIAC///AACABdIcHR4fWCRjbGFzc2VzWiRjbGFzc25hbWWjHyAhXU5TTXV0YWJsZURhdGFWTlNEYXRhWE5TT2JqZWN0XxAzLi4vRG9jdW1lbnRlbi9BcnRpY2xlcy9Nb25leS9IaXN0b3J5IG9mIENvaW5hZ2UucGRm0hwdJCWiJSFcTlNEaWN0aW9uYXJ5EgABhqBfEA9OU0tleWVkQXJjaGl2ZXIACAARABYAHwAoADIANQA6ADwARQBLAFIAXQBkAGwAbwBxAHMAdQB4AHoAfACGAJMAmACgApACkgKXAqACqwKvAr0CxALNAwMDCAMLAxgDHQAAAAAAAAIBAAAAAAAAACgAAAAAAAAAAAAAAAAAAAMv}}

@article{Supranationalism,
	Author = {ELLINAS, ANTONIS A. and SULEIMAN, EZRA N.},
	Journal = {JCMS: Journal of Common Market Studies},
	Number = {5},
	Pages = {923-947},
	Title = {Supranationalism in a Transnational Bureaucracy: The Case of the European Commission},
	Volume = {49},
	Year = {2011},
	Bdsk-File-1 = {YnBsaXN0MDDUAQIDBAUIJidUJHRvcFgkb2JqZWN0c1gkdmVyc2lvblkkYXJjaGl2ZXLRBgdUcm9vdIABqAkKFRYXGyIjVSRudWxs0wsMDQ4RElpOUy5vYmplY3RzViRjbGFzc1dOUy5rZXlzog8QgASABoAHohMUgAKAA1lhbGlhc0RhdGFccmVsYXRpdmVQYXRo0hgMGRpXTlMuZGF0YU8RAcwAAAAAAcwAAgAACU9TIFggTGlvbgAAAAAAAAAAAAAAAAAAAAAAAMtdskpIKwAAAalvjBdFbGxpbmFzU3VsZWltYW4yMDExLnBkZgAAAAAAAAAAAAAAAAAAAAAAAAAAAAAAAAAAAAAAAAAAAAAAAAAAAAABve0JzNAZQgAAAAAAAAAAAAEAAgAACSAAAAAAAAAAAAAAAAAAAAAKRG9jdW1lbnRlbgAQAAgAAMtdpDoAAAARAAgAAMzQCzIAAAABABgBqW+MAalviQGpb4cABtmwAAUbRgAAuZYAAgBQT1MgWCBMaW9uOlVzZXJzOgBkdWNvOgBEcm9wYm94OgBVVkE6AFRoZXNpczoARG9jdW1lbnRlbjoARWxsaW5hc1N1bGVpbWFuMjAxMS5wZGYADgAwABcARQBsAGwAaQBuAGEAcwBTAHUAbABlAGkAbQBhAG4AMgAwADEAMQAuAHAAZABmAA8AFAAJAE8AUwAgAFgAIABMAGkAbwBuABIAQFVzZXJzL2R1Y28vRHJvcGJveC9VVkEvVGhlc2lzL0RvY3VtZW50ZW4vRWxsaW5hc1N1bGVpbWFuMjAxMS5wZGYAEwABLwAAFQACAAv//wAAgAXSHB0eH1gkY2xhc3Nlc1okY2xhc3NuYW1lox8gIV1OU011dGFibGVEYXRhVk5TRGF0YVhOU09iamVjdF8QJS4uL0RvY3VtZW50ZW4vRWxsaW5hc1N1bGVpbWFuMjAxMS5wZGbSHB0kJaIlIVxOU0RpY3Rpb25hcnkSAAGGoF8QD05TS2V5ZWRBcmNoaXZlcgAIABEAFgAfACgAMgA1ADoAPABFAEsAUgBdAGQAbABvAHEAcwB1AHgAegB8AIYAkwCYAKACcAJyAncCgAKLAo8CnQKkAq0C1QLaAt0C6gLvAAAAAAAAAgEAAAAAAAAAKAAAAAAAAAAAAAAAAAAAAwE=}}

@article{Better_Stories_1991,
	Abstract = {Abstract In this article the authors discuss an article published in a pervious issue that presented an approach to building better theory through the use of case studies. The authors suggest that the paper does not do enough to support the claim that the methods.},
	Author = {Dyer, W.G. and Wilkins, A.L.},
	Journal = {Academy of management review},
	Number = {3},
	Pages = {613-619},
	Title = {Better stories, not better constructs, to generate better theory: a rejoinder to Eisenhardt.},
	Volume = {16},
	Year = {1991},
	Bdsk-File-1 = {YnBsaXN0MDDUAQIDBAUIJidUJHRvcFgkb2JqZWN0c1gkdmVyc2lvblkkYXJjaGl2ZXLRBgdUcm9vdIABqAkKFRYXGyIjVSRudWxs0wsMDQ4RElpOUy5vYmplY3RzViRjbGFzc1dOUy5rZXlzog8QgASABoAHohMUgAKAA1lhbGlhc0RhdGFccmVsYXRpdmVQYXRo0hgMGRpXTlMuZGF0YU8RAcwAAAAAAcwAAgAACU9TIFggTGlvbgAAAAAAAAAAAAAAAAAAAAAAAMtdskpIKwAAAalvjBdEeWVyV2lsa2luczE5OTEgQU1SLnBkZgAAAAAAAAAAAAAAAAAAAAAAAAAAAAAAAAAAAAAAAAAAAAAAAAAAAAABqW+CzKxEuQAAAAAAAAAAAAEAAgAACSAAAAAAAAAAAAAAAAAAAAAKRG9jdW1lbnRlbgAQAAgAAMtdpDoAAAARAAgAAMysKJkAAAABABgBqW+MAalviQGpb4cABtmwAAUbRgAAuZYAAgBQT1MgWCBMaW9uOlVzZXJzOgBkdWNvOgBEcm9wYm94OgBVVkE6AFRoZXNpczoARG9jdW1lbnRlbjoARHllcldpbGtpbnMxOTkxIEFNUi5wZGYADgAwABcARAB5AGUAcgBXAGkAbABrAGkAbgBzADEAOQA5ADEAIABBAE0AUgAuAHAAZABmAA8AFAAJAE8AUwAgAFgAIABMAGkAbwBuABIAQFVzZXJzL2R1Y28vRHJvcGJveC9VVkEvVGhlc2lzL0RvY3VtZW50ZW4vRHllcldpbGtpbnMxOTkxIEFNUi5wZGYAEwABLwAAFQACAAv//wAAgAXSHB0eH1gkY2xhc3Nlc1okY2xhc3NuYW1lox8gIV1OU011dGFibGVEYXRhVk5TRGF0YVhOU09iamVjdF8QJS4uL0RvY3VtZW50ZW4vRHllcldpbGtpbnMxOTkxIEFNUi5wZGbSHB0kJaIlIVxOU0RpY3Rpb25hcnkSAAGGoF8QD05TS2V5ZWRBcmNoaXZlcgAIABEAFgAfACgAMgA1ADoAPABFAEsAUgBdAGQAbABvAHEAcwB1AHgAegB8AIYAkwCYAKACcAJyAncCgAKLAo8CnQKkAq0C1QLaAt0C6gLvAAAAAAAAAgEAAAAAAAAAKAAAAAAAAAAAAAAAAAAAAwE=}}

@article{BuildingTheories,
	Abstract = {This paper describes the process of inducting theory using case studies-from specifying the research questions to reaching closure. Some features of the process, such as problem definition and construct validation, are similar to hypothesis-testing research. Others, such.},
	Author = {Eisenhardt, K.M.},
	Journal = {Academy of management review},
	Pages = {532-550},
	Title = {Building theories from case study research},
	Year = {1989},
	Bdsk-File-1 = {YnBsaXN0MDDUAQIDBAUIJidUJHRvcFgkb2JqZWN0c1gkdmVyc2lvblkkYXJjaGl2ZXLRBgdUcm9vdIABqAkKFRYXGyIjVSRudWxs0wsMDQ4RElpOUy5vYmplY3RzViRjbGFzc1dOUy5rZXlzog8QgASABoAHohMUgAKAA1lhbGlhc0RhdGFccmVsYXRpdmVQYXRo0hgMGRpXTlMuZGF0YU8RAcoAAAAAAcoAAgAACU9TIFggTGlvbgAAAAAAAAAAAAAAAAAAAAAAAMtdskpIKwAAAalvjBZFaXNlbmhhcmR0MTk4OSBBTVIucGRmAAAAAAAAAAAAAAAAAAAAAAAAAAAAAAAAAAAAAAAAAAAAAAAAAAAAAAABqW+GzKxEuQAAAAAAAAAAAAEAAgAACSAAAAAAAAAAAAAAAAAAAAAKRG9jdW1lbnRlbgAQAAgAAMtdpDoAAAARAAgAAMysKJkAAAABABgBqW+MAalviQGpb4cABtmwAAUbRgAAuZYAAgBPT1MgWCBMaW9uOlVzZXJzOgBkdWNvOgBEcm9wYm94OgBVVkE6AFRoZXNpczoARG9jdW1lbnRlbjoARWlzZW5oYXJkdDE5ODkgQU1SLnBkZgAADgAuABYARQBpAHMAZQBuAGgAYQByAGQAdAAxADkAOAA5ACAAQQBNAFIALgBwAGQAZgAPABQACQBPAFMAIABYACAATABpAG8AbgASAD9Vc2Vycy9kdWNvL0Ryb3Bib3gvVVZBL1RoZXNpcy9Eb2N1bWVudGVuL0Vpc2VuaGFyZHQxOTg5IEFNUi5wZGYAABMAAS8AABUAAgAL//8AAIAF0hwdHh9YJGNsYXNzZXNaJGNsYXNzbmFtZaMfICFdTlNNdXRhYmxlRGF0YVZOU0RhdGFYTlNPYmplY3RfECQuLi9Eb2N1bWVudGVuL0Vpc2VuaGFyZHQxOTg5IEFNUi5wZGbSHB0kJaIlIVxOU0RpY3Rpb25hcnkSAAGGoF8QD05TS2V5ZWRBcmNoaXZlcgAIABEAFgAfACgAMgA1ADoAPABFAEsAUgBdAGQAbABvAHEAcwB1AHgAegB8AIYAkwCYAKACbgJwAnUCfgKJAo0CmwKiAqsC0gLXAtoC5wLsAAAAAAAAAgEAAAAAAAAAKAAAAAAAAAAAAAAAAAAAAv4=}}

@article{Eisenhardt_better_contructs,
	Abstract = {Abstract In this article the author replies to comments made over an approach to building theory using case studies as previously presented by the author. She notes that the benefits of her method are that the researcher is granted the opportunity to view a variety of cases.},
	Author = {Eisenhardt, K.M.},
	Journal = {Academy of Management review},
	Number = {3},
	Pages = {620-627},
	Title = {Better stories and better constructs: The case for rigor and comparative logic.},
	Volume = {16},
	Year = {1991},
	Bdsk-File-1 = {YnBsaXN0MDDUAQIDBAUIJidUJHRvcFgkb2JqZWN0c1gkdmVyc2lvblkkYXJjaGl2ZXLRBgdUcm9vdIABqAkKFRYXGyIjVSRudWxs0wsMDQ4RElpOUy5vYmplY3RzViRjbGFzc1dOUy5rZXlzog8QgASABoAHohMUgAKAA1lhbGlhc0RhdGFccmVsYXRpdmVQYXRo0hgMGRpXTlMuZGF0YU8RAcoAAAAAAcoAAgAACU9TIFggTGlvbgAAAAAAAAAAAAAAAAAAAAAAAMtdskpIKwAAAalvjBZFaXNlbmhhcmR0MTk5MSBBTVIucGRmAAAAAAAAAAAAAAAAAAAAAAAAAAAAAAAAAAAAAAAAAAAAAAAAAAAAAAABqW+DzKxEuQAAAAAAAAAAAAEAAgAACSAAAAAAAAAAAAAAAAAAAAAKRG9jdW1lbnRlbgAQAAgAAMtdpDoAAAARAAgAAMysKJkAAAABABgBqW+MAalviQGpb4cABtmwAAUbRgAAuZYAAgBPT1MgWCBMaW9uOlVzZXJzOgBkdWNvOgBEcm9wYm94OgBVVkE6AFRoZXNpczoARG9jdW1lbnRlbjoARWlzZW5oYXJkdDE5OTEgQU1SLnBkZgAADgAuABYARQBpAHMAZQBuAGgAYQByAGQAdAAxADkAOQAxACAAQQBNAFIALgBwAGQAZgAPABQACQBPAFMAIABYACAATABpAG8AbgASAD9Vc2Vycy9kdWNvL0Ryb3Bib3gvVVZBL1RoZXNpcy9Eb2N1bWVudGVuL0Vpc2VuaGFyZHQxOTkxIEFNUi5wZGYAABMAAS8AABUAAgAL//8AAIAF0hwdHh9YJGNsYXNzZXNaJGNsYXNzbmFtZaMfICFdTlNNdXRhYmxlRGF0YVZOU0RhdGFYTlNPYmplY3RfECQuLi9Eb2N1bWVudGVuL0Vpc2VuaGFyZHQxOTkxIEFNUi5wZGbSHB0kJaIlIVxOU0RpY3Rpb25hcnkSAAGGoF8QD05TS2V5ZWRBcmNoaXZlcgAIABEAFgAfACgAMgA1ADoAPABFAEsAUgBdAGQAbABvAHEAcwB1AHgAegB8AIYAkwCYAKACbgJwAnUCfgKJAo0CmwKiAqsC0gLXAtoC5wLsAAAAAAAAAgEAAAAAAAAAKAAAAAAAAAAAAAAAAAAAAv4=}}

@article{case_study_crisis,
	Abstract = {In hisASQ article entitled" Qualitative data as an attractive nuisance," Matthew Miles (1 979) has written a disarmingly candid rendition of the perils of qualitative analysis. Unfortunately, his candor in admitting the existence of these perils was matched by few suggestions for.},
	Author = {Yin, R.K.},
	Journal = {Administrative science quarterly},
	Number = {1},
	Pages = {58-65},
	Title = {The case study crisis: Some answers},
	Volume = {26},
	Year = {1981},
	Bdsk-File-1 = {YnBsaXN0MDDUAQIDBAUIJidUJHRvcFgkb2JqZWN0c1gkdmVyc2lvblkkYXJjaGl2ZXLRBgdUcm9vdIABqAkKFRYXGyIjVSRudWxs0wsMDQ4RElpOUy5vYmplY3RzViRjbGFzc1dOUy5rZXlzog8QgASABoAHohMUgAKAA1lhbGlhc0RhdGFccmVsYXRpdmVQYXRo0hgMGRpXTlMuZGF0YU8RAawAAAAAAawAAgAACU9TIFggTGlvbgAAAAAAAAAAAAAAAAAAAAAAAMtdskpIKwAAAalvjA9ZaW4xOTgxIEFTUS5wZGYAAAAAAAAAAAAAAAAAAAAAAAAAAAAAAAAAAAAAAAAAAAAAAAAAAAAAAAAAAAAAAAABqW+FzKxEuQAAAAAAAAAAAAEAAgAACSAAAAAAAAAAAAAAAAAAAAAKRG9jdW1lbnRlbgAQAAgAAMtdpDoAAAARAAgAAMysKJkAAAABABgBqW+MAalviQGpb4cABtmwAAUbRgAAuZYAAgBIT1MgWCBMaW9uOlVzZXJzOgBkdWNvOgBEcm9wYm94OgBVVkE6AFRoZXNpczoARG9jdW1lbnRlbjoAWWluMTk4MSBBU1EucGRmAA4AIAAPAFkAaQBuADEAOQA4ADEAIABBAFMAUQAuAHAAZABmAA8AFAAJAE8AUwAgAFgAIABMAGkAbwBuABIAOFVzZXJzL2R1Y28vRHJvcGJveC9VVkEvVGhlc2lzL0RvY3VtZW50ZW4vWWluMTk4MSBBU1EucGRmABMAAS8AABUAAgAL//8AAIAF0hwdHh9YJGNsYXNzZXNaJGNsYXNzbmFtZaMfICFdTlNNdXRhYmxlRGF0YVZOU0RhdGFYTlNPYmplY3RfEB0uLi9Eb2N1bWVudGVuL1lpbjE5ODEgQVNRLnBkZtIcHSQloiUhXE5TRGljdGlvbmFyeRIAAYagXxAPTlNLZXllZEFyY2hpdmVyAAgAEQAWAB8AKAAyADUAOgA8AEUASwBSAF0AZABsAG8AcQBzAHUAeAB6AHwAhgCTAJgAoAJQAlICVwJgAmsCbwJ9AoQCjQKtArICtQLCAscAAAAAAAACAQAAAAAAAAAoAAAAAAAAAAAAAAAAAAAC2Q==}}
