%% This BibTeX bibliography file was created using BibDesk.
%% http://bibdesk.sourceforge.net/


%% Created for Duco at 2013-06-27 19:48:49 +0200 


%% Saved with string encoding Unicode (UTF-8) 



@incollection{McMillan:2008,
	Address = {Basingstoke},
	Author = {McMillan, John},
	Booktitle = {The New Palgrave Dictionary of Economics},
	Date-Modified = {2013-06-27 17:48:45 +0000},
	Editor = {Durlauf, Steven N. and Blume, Lawrence E.},
	Publisher = {Palgrave Macmillan},
	Title = {market institutions},
	Year = {2008}}
