%% This BibTeX bibliography file was created using BibDesk.
%% http://bibdesk.sourceforge.net/


%% Created for Duco at 2013-05-08 15:37:47 +0200 


%% Saved with string encoding Unicode (UTF-8) 



@article{Heckscher:1936:Revisions,
	Author = {Heckscher, Eli F. },
	Cr = {Copyright \copyright  1936 Economic History Society},
	Date = {1936/11/01},
	Date-Added = {2013-05-08 13:37:22 +0000},
	Date-Modified = {2013-05-08 13:37:38 +0000},
	Doi = {10.2307/2590732},
	Isbn = {00130117},
	Journal = {The Economic History Review},
	Keywords = {mercantilism},
	M1 = {ArticleType: research-article / Full publication date: Nov., 1936 / Copyright {\copyright}1936 Economic History Society},
	Month = {11},
	Number = {1},
	Pages = {44--54},
	Publisher = {Wiley on behalf of the Economic History Society},
	Title = {Revisions in Economic History: V. Mercantilism},
	Ty = {JOUR},
	Url = {http://www.jstor.org/stable/2590732},
	Volume = {7},
	Year = {1936},
	Bdsk-Url-1 = {http://www.jstor.org/stable/2590732},
	Bdsk-Url-2 = {http://dx.doi.org/10.2307/2590732}}

@article{OSullivan:2003:January,
	Author = {O'Sullivan, Arthur and Sheffrin, Steven M},
	Date-Added = {2013-05-08 13:01:14 +0000},
	Date-Modified = {2013-05-08 13:02:46 +0000},
	Journal = {Economics: Principles in Action},
	Keywords = {Trade History},
	Pages = {443},
	Title = {Economics: Principles in Action},
	Year = {2003}}

@book{Fernandez-Armesto:2003:Ideas,
	Author = { Felipe Fern{\'a}ndez-Armesto },
	Date-Added = {2013-05-08 12:45:16 +0000},
	Date-Modified = {2013-05-08 12:46:51 +0000},
	Keywords = {Trade History},
	Publisher = {DK Publishing},
	Title = {Ideas That Changed the World },
	Year = {2003}}

@www{Henahan:2002:Art-Prehistory,
	Author = {Sean Henahan,},
	Date-Added = {2013-05-08 12:43:36 +0000},
	Date-Modified = {2013-05-08 12:44:19 +0000},
	Keywords = {Trade History},
	Title = {Art Prehistory},
	Url = {http://www.accessexcellence.org/WN/SU/caveart.php},
	Year = {2002}}

@www{Mayell:2010:When,
	Author = {Hillary Mayell},
	Date-Added = {2013-05-08 12:38:40 +0000},
	Date-Modified = {2013-05-08 12:41:41 +0000},
	Editor = {National Geographic News},
	Keywords = {Trade History},
	Title = {When Did "Modern" Behavior Emerge in Humans?},
	Url = {http://news.nationalgeographic.com/news/2003/02/0220_030220_humanorigins2_2.html},
	Year = {2003}}

@book{Barbra-Miller:2006:Anthropology,
	Author = {Barbra Miller, Bernard Wood, Andrew Balansky, Julio Mercader, Melissa Panger},
	Date-Added = {2013-05-08 12:34:48 +0000},
	Date-Modified = {2013-05-08 12:42:09 +0000},
	Editor = {Allyn & Bacon},
	Keywords = {Trade History},
	Title = {Anthropology},
	Year = {2006}}

@article{Draucker:2007:Theoretical,
	Author = {Draucker, Claire B and Martsolf, Donna S and Ross, Ratchneewan and Rusk, Thomas B},
	Date-Added = {2013-05-07 15:09:57 +0000},
	Date-Modified = {2013-05-07 15:11:35 +0000},
	Doi = {10.1177/1049732307308450},
	Journal = {Qualitative health research},
	Number = {8},
	Pages = {1137--1148},
	Publisher = {Sage Publications},
	Title = {Theoretical sampling and category development in grounded theory},
	Volume = {17},
	Year = {2007},
	Bdsk-File-1 = {YnBsaXN0MDDUAQIDBAUGJCVYJHZlcnNpb25YJG9iamVjdHNZJGFyY2hpdmVyVCR0b3ASAAGGoKgHCBMUFRYaIVUkbnVsbNMJCgsMDxJXTlMua2V5c1pOUy5vYmplY3RzViRjbGFzc6INDoACgAOiEBGABIAFgAdccmVsYXRpdmVQYXRoWWFsaWFzRGF0YV8QXi4uLy4uL1RoZXNpc19BcnRpY2xlcy9Eb2N1bWVudGVuL0FydGljbGVzL0RyYXVja2VyL1RoZW9yZXRpY2FsIHNhbXBsaW5nIGFuZCBjYXRlZ29yeV8yMDA3YS5wZGbSFwsYGVdOUy5kYXRhTxECQAAAAAACQAACAAAITWFjIE9TIFgAAAAAAAAAAAAAAAAAAAAAAAAAzYZB1UgrAAAAKBD9H1RoZW9yZXRpY2FsIHNhbXBsaW5nIzI4MTBGRS5wZGYAAAAAAAAAAAAAAAAAAAAAAAAAAAAAAAAAAAAAAAAAAAAoEP7NruT+AAAAAAAAAAAAAgAFAAAJIAAAAAAAAAAAAAAAAAAAAAhEcmF1Y2tlcgAQAAgAAM2GJbUAAAARAAgAAM2uyN4AAAABABwAKBD9AAm3kwAJt24ACbdWAAm2VAAF610AAhDVAAIAb01hYyBPUyBYOlVzZXJzOgBkdWNvOgBEcm9wYm94OgBUaGVzaXNfQXJ0aWNsZXM6AERvY3VtZW50ZW46AEFydGljbGVzOgBEcmF1Y2tlcjoAVGhlb3JldGljYWwgc2FtcGxpbmcjMjgxMEZFLnBkZgAADgBYACsAVABoAGUAbwByAGUAdABpAGMAYQBsACAAcwBhAG0AcABsAGkAbgBnACAAYQBuAGQAIABjAGEAdABlAGcAbwByAHkAXwAyADAAMAA3AGEALgBwAGQAZgAPABIACABNAGEAYwAgAE8AUwAgAFgAEgBrVXNlcnMvZHVjby9Ecm9wYm94L1RoZXNpc19BcnRpY2xlcy9Eb2N1bWVudGVuL0FydGljbGVzL0RyYXVja2VyL1RoZW9yZXRpY2FsIHNhbXBsaW5nIGFuZCBjYXRlZ29yeV8yMDA3YS5wZGYAABMAAS8AABUAAgAL//8AAIAG0hscHR5aJGNsYXNzbmFtZVgkY2xhc3Nlc11OU011dGFibGVEYXRhox0fIFZOU0RhdGFYTlNPYmplY3TSGxwiI1xOU0RpY3Rpb25hcnmiIiBfEA9OU0tleWVkQXJjaGl2ZXLRJidUcm9vdIABAAgAEQAaACMALQAyADcAQABGAE0AVQBgAGcAagBsAG4AcQBzAHUAdwCEAI4A7wD0APwDQANCA0cDUgNbA2kDbQN0A30DggOPA5IDpAOnA6wAAAAAAAACAQAAAAAAAAAoAAAAAAAAAAAAAAAAAAADrg==}}

@article{Ryan:2003:Techniques,
	Author = {Ryan, Gery W and Bernard, H Russell},
	Date-Added = {2013-05-07 15:08:19 +0000},
	Date-Modified = {2013-05-07 15:08:55 +0000},
	Journal = {Field methods},
	Number = {1},
	Pages = {85--109},
	Publisher = {Sage Publications},
	Title = {Techniques to identify themes},
	Volume = {15},
	Year = {2003},
	Bdsk-File-1 = {YnBsaXN0MDDUAQIDBAUGJCVYJHZlcnNpb25YJG9iamVjdHNZJGFyY2hpdmVyVCR0b3ASAAGGoKgHCBMUFRYaIVUkbnVsbNMJCgsMDxJXTlMua2V5c1pOUy5vYmplY3RzViRjbGFzc6INDoACgAOiEBGABIAFgAdccmVsYXRpdmVQYXRoWWFsaWFzRGF0YV8QVi4uLy4uL1RoZXNpc19BcnRpY2xlcy9Eb2N1bWVudGVuL0FydGljbGVzL1J5YW4vVGVjaG5pcXVlcyB0byBpZGVudGlmeSB0aGVtZXNfMjAwM2EucGRm0hcLGBlXTlMuZGF0YU8RAigAAAAAAigAAgAACE1hYyBPUyBYAAAAAAAAAAAAAAAAAAAAAAAAAM2GQdVIKwAAACgQqB9UZWNobmlxdWVzIHRvIGlkZW50aSMyODEwQTkucGRmAAAAAAAAAAAAAAAAAAAAAAAAAAAAAAAAAAAAAAAAAAAAKBCpza7lAQAAAAAAAAAAAAIABQAACSAAAAAAAAAAAAAAAAAAAAAEUnlhbgAQAAgAAM2GJbUAAAARAAgAAM2uyOEAAAABABwAKBCoAAm3kwAJt24ACbdWAAm2VAAF610AAhDVAAIAa01hYyBPUyBYOlVzZXJzOgBkdWNvOgBEcm9wYm94OgBUaGVzaXNfQXJ0aWNsZXM6AERvY3VtZW50ZW46AEFydGljbGVzOgBSeWFuOgBUZWNobmlxdWVzIHRvIGlkZW50aSMyODEwQTkucGRmAAAOAFAAJwBUAGUAYwBoAG4AaQBxAHUAZQBzACAAdABvACAAaQBkAGUAbgB0AGkAZgB5ACAAdABoAGUAbQBlAHMAXwAyADAAMAAzAGEALgBwAGQAZgAPABIACABNAGEAYwAgAE8AUwAgAFgAEgBjVXNlcnMvZHVjby9Ecm9wYm94L1RoZXNpc19BcnRpY2xlcy9Eb2N1bWVudGVuL0FydGljbGVzL1J5YW4vVGVjaG5pcXVlcyB0byBpZGVudGlmeSB0aGVtZXNfMjAwM2EucGRmAAATAAEvAAAVAAIAC///AACABtIbHB0eWiRjbGFzc25hbWVYJGNsYXNzZXNdTlNNdXRhYmxlRGF0YaMdHyBWTlNEYXRhWE5TT2JqZWN00hscIiNcTlNEaWN0aW9uYXJ5oiIgXxAPTlNLZXllZEFyY2hpdmVy0SYnVHJvb3SAAQAIABEAGgAjAC0AMgA3AEAARgBNAFUAYABnAGoAbABuAHEAcwB1AHcAhACOAOcA7AD0AyADIgMnAzIDOwNJA00DVANdA2IDbwNyA4QDhwOMAAAAAAAAAgEAAAAAAAAAKAAAAAAAAAAAAAAAAAAAA44=}}

@article{Cantwell:2009:An-evolutionary,
	Author = {Cantwell, John and Dunning, John H and Lundan, Sarianna M},
	Date-Added = {2013-05-07 15:07:49 +0000},
	Date-Modified = {2013-05-07 15:07:56 +0000},
	Journal = {Journal of International Business Studies},
	Number = {4},
	Pages = {567--586},
	Publisher = {Nature Publishing Group},
	Title = {An evolutionary approach to understanding international business activity: The co-evolution of MNEs and the institutional environment},
	Volume = {41},
	Year = {2009},
	Bdsk-File-1 = {YnBsaXN0MDDUAQIDBAUGJCVYJHZlcnNpb25YJG9iamVjdHNZJGFyY2hpdmVyVCR0b3ASAAGGoKgHCBMUFRYaIVUkbnVsbNMJCgsMDxJXTlMua2V5c1pOUy5vYmplY3RzViRjbGFzc6INDoACgAOiEBGABIAFgAdccmVsYXRpdmVQYXRoWWFsaWFzRGF0YV8QZi4uLy4uL1RoZXNpc19BcnRpY2xlcy9Eb2N1bWVudGVuL0FydGljbGVzL0NhbnR3ZWxsL0FuIGV2b2x1dGlvbmFyeSBhcHByb2FjaCB0byB1bmRlcnN0YW5kaW5nXzIwMDlhLnBkZtIXCxgZV05TLmRhdGFPEQJYAAAAAAJYAAIAAAhNYWMgT1MgWAAAAAAAAAAAAAAAAAAAAAAAAADNhkHVSCsAAAAoEHcfQW4gZXZvbHV0aW9uYXJ5IGFwcHIjMjgxMDc4LnBkZgAAAAAAAAAAAAAAAAAAAAAAAAAAAAAAAAAAAAAAAAAAACgQeM2u5PcAAAAAAAAAAAACAAUAAAkgAAAAAAAAAAAAAAAAAAAACENhbnR3ZWxsABAACAAAzYYltQAAABEACAAAza7I1wAAAAEAHAAoEHcACbeTAAm3bgAJt1YACbZUAAXrXQACENUAAgBvTWFjIE9TIFg6VXNlcnM6AGR1Y286AERyb3Bib3g6AFRoZXNpc19BcnRpY2xlczoARG9jdW1lbnRlbjoAQXJ0aWNsZXM6AENhbnR3ZWxsOgBBbiBldm9sdXRpb25hcnkgYXBwciMyODEwNzgucGRmAAAOAGgAMwBBAG4AIABlAHYAbwBsAHUAdABpAG8AbgBhAHIAeQAgAGEAcABwAHIAbwBhAGMAaAAgAHQAbwAgAHUAbgBkAGUAcgBzAHQAYQBuAGQAaQBuAGcAXwAyADAAMAA5AGEALgBwAGQAZgAPABIACABNAGEAYwAgAE8AUwAgAFgAEgBzVXNlcnMvZHVjby9Ecm9wYm94L1RoZXNpc19BcnRpY2xlcy9Eb2N1bWVudGVuL0FydGljbGVzL0NhbnR3ZWxsL0FuIGV2b2x1dGlvbmFyeSBhcHByb2FjaCB0byB1bmRlcnN0YW5kaW5nXzIwMDlhLnBkZgAAEwABLwAAFQACAAv//wAAgAbSGxwdHlokY2xhc3NuYW1lWCRjbGFzc2VzXU5TTXV0YWJsZURhdGGjHR8gVk5TRGF0YVhOU09iamVjdNIbHCIjXE5TRGljdGlvbmFyeaIiIF8QD05TS2V5ZWRBcmNoaXZlctEmJ1Ryb290gAEACAARABoAIwAtADIANwBAAEYATQBVAGAAZwBqAGwAbgBxAHMAdQB3AIQAjgD3APwBBANgA2IDZwNyA3sDiQONA5QDnQOiA68DsgPEA8cDzAAAAAAAAAIBAAAAAAAAACgAAAAAAAAAAAAAAAAAAAPO}}

@article{Lawton:2009:Multilateralism,
	Author = {Lawton, Thomas C and Lindeque, Johan P and McGuire, Steven M},
	Date-Added = {2013-05-07 15:06:25 +0000},
	Date-Modified = {2013-05-07 15:07:09 +0000},
	Journal = {Business and Politics},
	Number = {2},
	Title = {Multilateralism and the Multinational Enterprise},
	Volume = {11},
	Year = {2009},
	Bdsk-File-1 = {YnBsaXN0MDDUAQIDBAUGJCVYJHZlcnNpb25YJG9iamVjdHNZJGFyY2hpdmVyVCR0b3ASAAGGoKgHCBMUFRYaIVUkbnVsbNMJCgsMDxJXTlMua2V5c1pOUy5vYmplY3RzViRjbGFzc6INDoACgAOiEBGABIAFgAdccmVsYXRpdmVQYXRoWWFsaWFzRGF0YV8Qay4uLy4uL1RoZXNpc19BcnRpY2xlcy9Eb2N1bWVudGVuL0FydGljbGVzL0xhd3Rvbi9NdWx0aWxhdGVyYWxpc20gYW5kIHRoZSBNdWx0aW5hdGlvbmFsIEVudGVycHJpc2VfMjAwOWEucGRm0hcLGBlXTlMuZGF0YU8RAmYAAAAAAmYAAgAACE1hYyBPUyBYAAAAAAAAAAAAAAAAAAAAAAAAAM2GQdVIKwAAACgQRh9NdWx0aWxhdGVyYWxpc20gYW5kICMyODEwNDcucGRmAAAAAAAAAAAAAAAAAAAAAAAAAAAAAAAAAAAAAAAAAAAAKBBHza7k+gAAAAAAAAAAAAIABQAACSAAAAAAAAAAAAAAAAAAAAAGTGF3dG9uABAACAAAzYYltQAAABEACAAAza7I2gAAAAEAHAAoEEYACbeTAAm3bgAJt1YACbZUAAXrXQACENUAAgBtTWFjIE9TIFg6VXNlcnM6AGR1Y286AERyb3Bib3g6AFRoZXNpc19BcnRpY2xlczoARG9jdW1lbnRlbjoAQXJ0aWNsZXM6AExhd3RvbjoATXVsdGlsYXRlcmFsaXNtIGFuZCAjMjgxMDQ3LnBkZgAADgB2ADoATQB1AGwAdABpAGwAYQB0AGUAcgBhAGwAaQBzAG0AIABhAG4AZAAgAHQAaABlACAATQB1AGwAdABpAG4AYQB0AGkAbwBuAGEAbAAgAEUAbgB0AGUAcgBwAHIAaQBzAGUAXwAyADAAMAA5AGEALgBwAGQAZgAPABIACABNAGEAYwAgAE8AUwAgAFgAEgB4VXNlcnMvZHVjby9Ecm9wYm94L1RoZXNpc19BcnRpY2xlcy9Eb2N1bWVudGVuL0FydGljbGVzL0xhd3Rvbi9NdWx0aWxhdGVyYWxpc20gYW5kIHRoZSBNdWx0aW5hdGlvbmFsIEVudGVycHJpc2VfMjAwOWEucGRmABMAAS8AABUAAgAL//8AAIAG0hscHR5aJGNsYXNzbmFtZVgkY2xhc3Nlc11OU011dGFibGVEYXRhox0fIFZOU0RhdGFYTlNPYmplY3TSGxwiI1xOU0RpY3Rpb25hcnmiIiBfEA9OU0tleWVkQXJjaGl2ZXLRJidUcm9vdIABAAgAEQAaACMALQAyADcAQABGAE0AVQBgAGcAagBsAG4AcQBzAHUAdwCEAI4A/AEBAQkDcwN1A3oDhQOOA5wDoAOnA7ADtQPCA8UD1wPaA98AAAAAAAACAQAAAAAAAAAoAAAAAAAAAAAAAAAAAAAD4Q==}}

@article{Peng:2002:Towards,
	Author = {Peng, Mike W},
	Date-Added = {2013-05-07 14:52:55 +0000},
	Date-Modified = {2013-05-07 15:05:15 +0000},
	Journal = {Asia Pacific Journal of Management},
	Number = {2-3},
	Pages = {251--267},
	Publisher = {Springer},
	Title = {Towards an institution-based view of business strategy},
	Volume = {19},
	Year = {2002},
	Bdsk-File-1 = {YnBsaXN0MDDUAQIDBAUGJCVYJHZlcnNpb25YJG9iamVjdHNZJGFyY2hpdmVyVCR0b3ASAAGGoKgHCBMUFRYaIVUkbnVsbNMJCgsMDxJXTlMua2V5c1pOUy5vYmplY3RzViRjbGFzc6INDoACgAOiEBGABIAFgAdccmVsYXRpdmVQYXRoWWFsaWFzRGF0YV8QWi4uLy4uL1RoZXNpc19BcnRpY2xlcy9Eb2N1bWVudGVuL0FydGljbGVzL1BlbmcvVG93YXJkcyBhbiBpbnN0aXR1dGlvbi1iYXNlZCB2aWV3XzIwMDJhLnBkZtIXCxgZV05TLmRhdGFPEQI0AAAAAAI0AAIAAAhNYWMgT1MgWAAAAAAAAAAAAAAAAAAAAAAAAADNhkHVSCsAAAAoDdofVG93YXJkcyBhbiBpbnN0aXR1dGkjMjgwRjNELnBkZgAAAAAAAAAAAAAAAAAAAAAAAAAAAAAAAAAAAAAAAAAAACgPPc2unbEAAAAAAAAAAAACAAUAAAkgAAAAAAAAAAAAAAAAAAAABFBlbmcAEAAIAADNhiW1AAAAEQAIAADNroGRAAAAAQAcACgN2gAJt5MACbduAAm3VgAJtlQABetdAAIQ1QACAGtNYWMgT1MgWDpVc2VyczoAZHVjbzoARHJvcGJveDoAVGhlc2lzX0FydGljbGVzOgBEb2N1bWVudGVuOgBBcnRpY2xlczoAUGVuZzoAVG93YXJkcyBhbiBpbnN0aXR1dGkjMjgwRjNELnBkZgAADgBYACsAVABvAHcAYQByAGQAcwAgAGEAbgAgAGkAbgBzAHQAaQB0AHUAdABpAG8AbgAtAGIAYQBzAGUAZAAgAHYAaQBlAHcAXwAyADAAMAAyAGEALgBwAGQAZgAPABIACABNAGEAYwAgAE8AUwAgAFgAEgBnVXNlcnMvZHVjby9Ecm9wYm94L1RoZXNpc19BcnRpY2xlcy9Eb2N1bWVudGVuL0FydGljbGVzL1BlbmcvVG93YXJkcyBhbiBpbnN0aXR1dGlvbi1iYXNlZCB2aWV3XzIwMDJhLnBkZgAAEwABLwAAFQACAAv//wAAgAbSGxwdHlokY2xhc3NuYW1lWCRjbGFzc2VzXU5TTXV0YWJsZURhdGGjHR8gVk5TRGF0YVhOU09iamVjdNIbHCIjXE5TRGljdGlvbmFyeaIiIF8QD05TS2V5ZWRBcmNoaXZlctEmJ1Ryb290gAEACAARABoAIwAtADIANwBAAEYATQBVAGAAZwBqAGwAbgBxAHMAdQB3AIQAjgDrAPAA+AMwAzIDNwNCA0sDWQNdA2QDbQNyA38DggOUA5cDnAAAAAAAAAIBAAAAAAAAACgAAAAAAAAAAAAAAAAAAAOe}}

@article{Gao:2009:A-strategy,
	Author = {Gao, Gerald Yong and Murray, Janet Y and Kotabe, Masaaki and Lu, Jiangyong},
	Date-Added = {2013-05-07 14:52:06 +0000},
	Date-Modified = {2013-05-07 15:04:55 +0000},
	Journal = {Journal of International Business Studies},
	Number = {3},
	Pages = {377--396},
	Publisher = {Nature Publishing Group},
	Title = {A ``strategy tripod'' perspective on export behaviors: Evidence from domestic and foreign firms based in an emerging economy},
	Volume = {41},
	Year = {2009},
	Bdsk-File-1 = {YnBsaXN0MDDUAQIDBAUGJCVYJHZlcnNpb25YJG9iamVjdHNZJGFyY2hpdmVyVCR0b3ASAAGGoKgHCBMUFRYaIVUkbnVsbNMJCgsMDxJXTlMua2V5c1pOUy5vYmplY3RzViRjbGFzc6INDoACgAOiEBGABIAFgAdccmVsYXRpdmVQYXRoWWFsaWFzRGF0YW8QVwAuAC4ALwAuAC4ALwBUAGgAZQBzAGkAcwBfAEEAcgB0AGkAYwBsAGUAcwAvAEQAbwBjAHUAbQBlAG4AdABlAG4ALwBBAHIAdABpAGMAbABlAHMALwBHAGEAbwAvAEEAICAcAHMAdAByAGEAdABlAGcAeQAgAHQAcgBpAHAAbwBkIB0AIABwAGUAcgBzAHAAZQBjAHQAaQB2AGUAXwAyADAAMAA5AGEALgBwAGQAZtIXCxgZV05TLmRhdGFPEQIuAAAAAAIuAAIAAAhNYWMgT1MgWAAAAAAAAAAAAAAAAAAAAAAAAADNhkHVSCsAAAAoDyQfQSDSc3RyYXRlZ3kgdHJpcG9k0yAjMjgwRjI1LnBkZgAAAAAAAAAAAAAAAAAAAAAAAAAAAAAAAAAAAAAAAAAAACgPJc2unkEAAAAAAAAAAAACAAUAAAkgAAAAAAAAAAAAAAAAAAAAA0dhbwAAEAAIAADNhiW1AAAAEQAIAADNroIhAAAAAQAcACgPJAAJt5MACbduAAm3VgAJtlQABetdAAIQ1QACAGpNYWMgT1MgWDpVc2VyczoAZHVjbzoARHJvcGJveDoAVGhlc2lzX0FydGljbGVzOgBEb2N1bWVudGVuOgBBcnRpY2xlczoAR2FvOgBBINJzdHJhdGVneSB0cmlwb2TTICMyODBGMjUucGRmAA4AVAApAEEAICAcAHMAdAByAGEAdABlAGcAeQAgAHQAcgBpAHAAbwBkIB0AIABwAGUAcgBzAHAAZQBjAHQAaQB2AGUAXwAyADAAMAA5AGEALgBwAGQAZgAPABIACABNAGEAYwAgAE8AUwAgAFgAEgBoVXNlcnMvZHVjby9Ecm9wYm94L1RoZXNpc19BcnRpY2xlcy9Eb2N1bWVudGVuL0FydGljbGVzL0dhby9BIOKAnHN0cmF0ZWd5IHRyaXBvZOKAnSBwZXJzcGVjdGl2ZV8yMDA5YS5wZGYAEwABLwAAFQACAAv//wAAgAbSGxwdHlokY2xhc3NuYW1lWCRjbGFzc2VzXU5TTXV0YWJsZURhdGGjHR8gVk5TRGF0YVhOU09iamVjdNIbHCIjXE5TRGljdGlvbmFyeaIiIF8QD05TS2V5ZWRBcmNoaXZlctEmJ1Ryb290gAEACAARABoAIwAtADIANwBAAEYATQBVAGAAZwBqAGwAbgBxAHMAdQB3AIQAjgE/AUQBTAN+A4ADhQOQA5kDpwOrA7IDuwPAA80D0APiA+UD6gAAAAAAAAIBAAAAAAAAACgAAAAAAAAAAAAAAAAAAAPs}}

@article{Dodge:1994:Stage,
	Author = {Dodge, H Robert and Fullerton, Sam and Robbins, John E},
	Date-Added = {2013-05-07 14:50:41 +0000},
	Date-Modified = {2013-05-07 15:05:24 +0000},
	Journal = {Strategic Management Journal},
	Month = {February},
	Number = {2},
	Pages = {121-134},
	Publisher = {Wiley Online Library},
	Title = {Stage of the organizational life cycle and competition as mediators of problem perception for small businesses},
	Url = {http://www.jstor.org/stable/2486867},
	Volume = {15},
	Year = {1994},
	Bdsk-File-1 = {YnBsaXN0MDDUAQIDBAUGJCVYJHZlcnNpb25YJG9iamVjdHNZJGFyY2hpdmVyVCR0b3ASAAGGoKgHCBMUFRYaIVUkbnVsbNMJCgsMDxJXTlMua2V5c1pOUy5vYmplY3RzViRjbGFzc6INDoACgAOiEBGABIAFgAdccmVsYXRpdmVQYXRoWWFsaWFzRGF0YV8QWi4uLy4uL1RoZXNpc19BcnRpY2xlcy9Eb2N1bWVudGVuL0FydGljbGVzL0RvZGdlL1N0YWdlIG9mIHRoZSBvcmdhbml6YXRpb25hbCBsaWZlXzE5OTRhLnBkZtIXCxgZV05TLmRhdGFPEQI0AAAAAAI0AAIAAAhNYWMgT1MgWAAAAAAAAAAAAAAAAAAAAAAAAADNhkHVSCsAAAAoDuAfU3RhZ2Ugb2YgdGhlIG9yZ2FuaXojMjgwRUUxLnBkZgAAAAAAAAAAAAAAAAAAAAAAAAAAAAAAAAAAAAAAAAAAACgO4c2cZ6FQREYgAAAAAAACAAUAAAkgAAAAAAAAAAAAAAAAAAAABURvZGdlAAAQAAgAAM2GJbUAAAARAAgAAM2cS4EAAAABABwAKA7gAAm3kwAJt24ACbdWAAm2VAAF610AAhDVAAIAbE1hYyBPUyBYOlVzZXJzOgBkdWNvOgBEcm9wYm94OgBUaGVzaXNfQXJ0aWNsZXM6AERvY3VtZW50ZW46AEFydGljbGVzOgBEb2RnZToAU3RhZ2Ugb2YgdGhlIG9yZ2FuaXojMjgwRUUxLnBkZgAOAFYAKgBTAHQAYQBnAGUAIABvAGYAIAB0AGgAZQAgAG8AcgBnAGEAbgBpAHoAYQB0AGkAbwBuAGEAbAAgAGwAaQBmAGUAXwAxADkAOQA0AGEALgBwAGQAZgAPABIACABNAGEAYwAgAE8AUwAgAFgAEgBnVXNlcnMvZHVjby9Ecm9wYm94L1RoZXNpc19BcnRpY2xlcy9Eb2N1bWVudGVuL0FydGljbGVzL0RvZGdlL1N0YWdlIG9mIHRoZSBvcmdhbml6YXRpb25hbCBsaWZlXzE5OTRhLnBkZgAAEwABLwAAFQACAAv//wAAgAbSGxwdHlokY2xhc3NuYW1lWCRjbGFzc2VzXU5TTXV0YWJsZURhdGGjHR8gVk5TRGF0YVhOU09iamVjdNIbHCIjXE5TRGljdGlvbmFyeaIiIF8QD05TS2V5ZWRBcmNoaXZlctEmJ1Ryb290gAEACAARABoAIwAtADIANwBAAEYATQBVAGAAZwBqAGwAbgBxAHMAdQB3AIQAjgDrAPAA+AMwAzIDNwNCA0sDWQNdA2QDbQNyA38DggOUA5cDnAAAAAAAAAIBAAAAAAAAACgAAAAAAAAAAAAAAAAAAAOe},
	Bdsk-Url-1 = {http://www.jstor.org/stable/2486867}}

@article{Lewis:1983:The-five,
	Author = {Lewis, Virginia L and Churchill, Neil},
	Date-Added = {2013-05-07 14:49:33 +0000},
	Date-Modified = {2013-05-07 15:05:29 +0000},
	Journal = {Harvard business review},
	Number = {3},
	Pages = {30--50},
	Title = {The five stages of small business growth},
	Volume = {61},
	Year = {1983},
	Bdsk-File-1 = {YnBsaXN0MDDUAQIDBAUGJCVYJHZlcnNpb25YJG9iamVjdHNZJGFyY2hpdmVyVCR0b3ASAAGGoKgHCBMUFRYaIVUkbnVsbNMJCgsMDxJXTlMua2V5c1pOUy5vYmplY3RzViRjbGFzc6INDoACgAOiEBGABIAFgAdccmVsYXRpdmVQYXRoWWFsaWFzRGF0YV8QUi4uLy4uL1RoZXNpc19BcnRpY2xlcy9Eb2N1bWVudGVuL0FydGljbGVzL0xld2lzL1RoZSBmaXZlIHN0YWdlcyBvZiBzbWFsbF8xOTgzYS5wZGbSFwsYGVdOUy5kYXRhTxECHAAAAAACHAACAAAITWFjIE9TIFgAAAAAAAAAAAAAAAAAAAAAAAAAzYZB1UgrAAAAKA6xH1RoZSBmaXZlIHN0YWdlcyBvZiBzIzI4MEVCMi5wZGYAAAAAAAAAAAAAAAAAAAAAAAAAAAAAAAAAAAAAAAAAAAAoDrLNnESFUERGIAAAAAAAAgAFAAAJIAAAAAAAAAAAAAAAAAAAAAVMZXdpcwAAEAAIAADNhiW1AAAAEQAIAADNnChlAAAAAQAcACgOsQAJt5MACbduAAm3VgAJtlQABetdAAIQ1QACAGxNYWMgT1MgWDpVc2VyczoAZHVjbzoARHJvcGJveDoAVGhlc2lzX0FydGljbGVzOgBEb2N1bWVudGVuOgBBcnRpY2xlczoATGV3aXM6AFRoZSBmaXZlIHN0YWdlcyBvZiBzIzI4MEVCMi5wZGYADgBGACIAVABoAGUAIABmAGkAdgBlACAAcwB0AGEAZwBlAHMAIABvAGYAIABzAG0AYQBsAGwAXwAxADkAOAAzAGEALgBwAGQAZgAPABIACABNAGEAYwAgAE8AUwAgAFgAEgBfVXNlcnMvZHVjby9Ecm9wYm94L1RoZXNpc19BcnRpY2xlcy9Eb2N1bWVudGVuL0FydGljbGVzL0xld2lzL1RoZSBmaXZlIHN0YWdlcyBvZiBzbWFsbF8xOTgzYS5wZGYAABMAAS8AABUAAgAL//8AAIAG0hscHR5aJGNsYXNzbmFtZVgkY2xhc3Nlc11OU011dGFibGVEYXRhox0fIFZOU0RhdGFYTlNPYmplY3TSGxwiI1xOU0RpY3Rpb25hcnmiIiBfEA9OU0tleWVkQXJjaGl2ZXLRJidUcm9vdIABAAgAEQAaACMALQAyADcAQABGAE0AVQBgAGcAagBsAG4AcQBzAHUAdwCEAI4A4wDoAPADEAMSAxcDIgMrAzkDPQNEA00DUgNfA2IDdAN3A3wAAAAAAAACAQAAAAAAAAAoAAAAAAAAAAAAAAAAAAADfg==}}

@article{Peng:2008:UNBUNDLING,
	Author = {Peng, Mike W and Khoury, Theodore A},
	Date-Added = {2013-05-07 14:40:02 +0000},
	Date-Modified = {2013-05-07 15:04:59 +0000},
	Journal = {Oxford handbook of international business},
	Pages = {256--268},
	Title = {UNBUNDLING THE INSTITUTION- BASED VIEW OF INTERNATIONAL BUSINESS STRATEGY},
	Year = {2008},
	Bdsk-File-1 = {YnBsaXN0MDDUAQIDBAUGJCVYJHZlcnNpb25YJG9iamVjdHNZJGFyY2hpdmVyVCR0b3ASAAGGoKgHCBMUFRYaIVUkbnVsbNMJCgsMDxJXTlMua2V5c1pOUy5vYmplY3RzViRjbGFzc6INDoACgAOiEBGABIAFgAdccmVsYXRpdmVQYXRoWWFsaWFzRGF0YV8QWi4uLy4uL1RoZXNpc19BcnRpY2xlcy9Eb2N1bWVudGVuL0FydGljbGVzL1BlbmcvVU5CVU5ETElORyBUSEUgSU5TVElUVVRJT04tIEJBU0VEXzIwMDhhLnBkZtIXCxgZV05TLmRhdGFPEQI0AAAAAAI0AAIAAAhNYWMgT1MgWAAAAAAAAAAAAAAAAAAAAAAAAADNhkHVSCsAAAAoDdofVU5CVU5ETElORyBUSEUgSU5TVEkjMjgwRERCLnBkZgAAAAAAAAAAAAAAAAAAAAAAAAAAAAAAAAAAAAAAAAAAACgN282upqoAAAAAAAAAAAACAAUAAAkgAAAAAAAAAAAAAAAAAAAABFBlbmcAEAAIAADNhiW1AAAAEQAIAADNroqKAAAAAQAcACgN2gAJt5MACbduAAm3VgAJtlQABetdAAIQ1QACAGtNYWMgT1MgWDpVc2VyczoAZHVjbzoARHJvcGJveDoAVGhlc2lzX0FydGljbGVzOgBEb2N1bWVudGVuOgBBcnRpY2xlczoAUGVuZzoAVU5CVU5ETElORyBUSEUgSU5TVEkjMjgwRERCLnBkZgAADgBYACsAVQBOAEIAVQBOAEQATABJAE4ARwAgAFQASABFACAASQBOAFMAVABJAFQAVQBUAEkATwBOAC0AIABCAEEAUwBFAEQAXwAyADAAMAA4AGEALgBwAGQAZgAPABIACABNAGEAYwAgAE8AUwAgAFgAEgBnVXNlcnMvZHVjby9Ecm9wYm94L1RoZXNpc19BcnRpY2xlcy9Eb2N1bWVudGVuL0FydGljbGVzL1BlbmcvVU5CVU5ETElORyBUSEUgSU5TVElUVVRJT04tIEJBU0VEXzIwMDhhLnBkZgAAEwABLwAAFQACAAv//wAAgAbSGxwdHlokY2xhc3NuYW1lWCRjbGFzc2VzXU5TTXV0YWJsZURhdGGjHR8gVk5TRGF0YVhOU09iamVjdNIbHCIjXE5TRGljdGlvbmFyeaIiIF8QD05TS2V5ZWRBcmNoaXZlctEmJ1Ryb290gAEACAARABoAIwAtADIANwBAAEYATQBVAGAAZwBqAGwAbgBxAHMAdQB3AIQAjgDrAPAA+AMwAzIDNwNCA0sDWQNdA2QDbQNyA38DggOUA5cDnAAAAAAAAAIBAAAAAAAAACgAAAAAAAAAAAAAAAAAAAOe}}

@article{Buckley:2007:The-Determinants,
	Author = {Buckley, Peter J and Clegg, L Jeremy and Cross, Adam R and Liu, Xin and Voss, Hinrich and Zheng, Ping},
	Date-Added = {2013-05-07 14:23:10 +0000},
	Date-Modified = {2013-05-07 15:05:01 +0000},
	Doi = {http://dx.doi.org/10.1016/j.ememar.2011.06.001},
	Journal = {Journal of International Business Studies},
	Month = {July},
	Number = {4},
	Pages = {499-518},
	Publisher = {Nature Publishing Group},
	Title = {The Determinants of Chinese Outward Foreign Direct Investment},
	Url = {http://www.jstor.org/stable/4540439},
	Volume = {38},
	Year = {2007},
	Bdsk-File-1 = {YnBsaXN0MDDUAQIDBAUGJCVYJHZlcnNpb25YJG9iamVjdHNZJGFyY2hpdmVyVCR0b3ASAAGGoKgHCBMUFRYaIVUkbnVsbNMJCgsMDxJXTlMua2V5c1pOUy5vYmplY3RzViRjbGFzc6INDoACgAOiEBGABIAFgAdccmVsYXRpdmVQYXRoWWFsaWFzRGF0YV8QXy4uLy4uL1RoZXNpc19BcnRpY2xlcy9Eb2N1bWVudGVuL0FydGljbGVzL0J1Y2tsZXkvdGhlIGRldGVybWluYW50cyBvZiBjaGluZXNlIG91dHdhcmRfMjAwN2EucGRm0hcLGBlXTlMuZGF0YU8RAkIAAAAAAkIAAgAACE1hYyBPUyBYAAAAAAAAAAAAAAAAAAAAAAAAAM2GQdVIKwAAACgOAx9UaGUgRGV0ZXJtaW5hbnRzIG9mICMyODBFMDQucGRmAAAAAAAAAAAAAAAAAAAAAAAAAAAAAAAAAAAAAAAAAAAAKA4Eza6elgAAAAAAAAAAAAIABQAACSAAAAAAAAAAAAAAAAAAAAAHQnVja2xleQAAEAAIAADNhiW1AAAAEQAIAADNroJ2AAAAAQAcACgOAwAJt5MACbduAAm3VgAJtlQABetdAAIQ1QACAG5NYWMgT1MgWDpVc2VyczoAZHVjbzoARHJvcGJveDoAVGhlc2lzX0FydGljbGVzOgBEb2N1bWVudGVuOgBBcnRpY2xlczoAQnVja2xleToAVGhlIERldGVybWluYW50cyBvZiAjMjgwRTA0LnBkZgAOAFwALQBUAGgAZQAgAEQAZQB0AGUAcgBtAGkAbgBhAG4AdABzACAAbwBmACAAQwBoAGkAbgBlAHMAZQAgAE8AdQB0AHcAYQByAGQAXwAyADAAMAA3AGEALgBwAGQAZgAPABIACABNAGEAYwAgAE8AUwAgAFgAEgBsVXNlcnMvZHVjby9Ecm9wYm94L1RoZXNpc19BcnRpY2xlcy9Eb2N1bWVudGVuL0FydGljbGVzL0J1Y2tsZXkvdGhlIGRldGVybWluYW50cyBvZiBjaGluZXNlIG91dHdhcmRfMjAwN2EucGRmABMAAS8AABUAAgAL//8AAIAG0hscHR5aJGNsYXNzbmFtZVgkY2xhc3Nlc11OU011dGFibGVEYXRhox0fIFZOU0RhdGFYTlNPYmplY3TSGxwiI1xOU0RpY3Rpb25hcnmiIiBfEA9OU0tleWVkQXJjaGl2ZXLRJidUcm9vdIABAAgAEQAaACMALQAyADcAQABGAE0AVQBgAGcAagBsAG4AcQBzAHUAdwCEAI4A8AD1AP0DQwNFA0oDVQNeA2wDcAN3A4ADhQOSA5UDpwOqA68AAAAAAAACAQAAAAAAAAAoAAAAAAAAAAAAAAAAAAADsQ==},
	Bdsk-Url-1 = {http://www.jstor.org/stable/4540439}}

@article{Elsig:2010:The-World,
	Author = {Elsig, Manfred},
	Date-Added = {2013-02-26 16:00:36 +0000},
	Date-Modified = {2013-05-07 15:04:53 +0000},
	Isbn = {1559-7431},
	Journal = {The Review of International Organizations},
	Number = {3},
	Pages = {345--363},
	Publisher = {Springer},
	Title = {The World Trade Organization at work: Performance in a member-driven milieu},
	Ty = {JOUR},
	Volume = {5},
	Year = {2010},
	Bdsk-File-1 = {YnBsaXN0MDDUAQIDBAUGJCVYJHZlcnNpb25YJG9iamVjdHNZJGFyY2hpdmVyVCR0b3ASAAGGoKgHCBMUFRYaIVUkbnVsbNMJCgsMDxJXTlMua2V5c1pOUy5vYmplY3RzViRjbGFzc6INDoACgAOiEBGABIAFgAdccmVsYXRpdmVQYXRoWWFsaWFzRGF0YV8QVi4uLy4uL1RoZXNpc19BcnRpY2xlcy9Eb2N1bWVudGVuL0FydGljbGVzL0Vsc2lnL1RoZSBXb3JsZCBUcmFkZSBPcmdhbml6YXRpb25fMjAxMGEucGRm0hcLGBlXTlMuZGF0YU8RAigAAAAAAigAAgAACE1hYyBPUyBYAAAAAAAAAAAAAAAAAAAAAAAAAM2GQdVIKwAAAAm3qB9UaGUgV29ybGQgVHJhZGUgT3JnYW4jOUNEMDcucGRmAAAAAAAAAAAAAAAAAAAAAAAAAAAAAAAAAAAAAAAAAAAACc0HzVKa0lBERiBDQVJPAAIABQAACSAAAAAAAAAAAAAAAAAAAAAFRWxzaWcAABAACAAAzYYltQAAABEACAAAzVKMwgAAAAEAHAAJt6gACbeTAAm3bgAJt1YACbZUAAXrXQACENUAAgBsTWFjIE9TIFg6VXNlcnM6AGR1Y286AERyb3Bib3g6AFRoZXNpc19BcnRpY2xlczoARG9jdW1lbnRlbjoAQXJ0aWNsZXM6AEVsc2lnOgBUaGUgV29ybGQgVHJhZGUgT3JnYW4jOUNEMDcucGRmAA4ATgAmAFQAaABlACAAVwBvAHIAbABkACAAVAByAGEAZABlACAATwByAGcAYQBuAGkAegBhAHQAaQBvAG4AXwAyADAAMQAwAGEALgBwAGQAZgAPABIACABNAGEAYwAgAE8AUwAgAFgAEgBjVXNlcnMvZHVjby9Ecm9wYm94L1RoZXNpc19BcnRpY2xlcy9Eb2N1bWVudGVuL0FydGljbGVzL0Vsc2lnL1RoZSBXb3JsZCBUcmFkZSBPcmdhbml6YXRpb25fMjAxMGEucGRmAAATAAEvAAAVAAIAC///AACABtIbHB0eWiRjbGFzc25hbWVYJGNsYXNzZXNdTlNNdXRhYmxlRGF0YaMdHyBWTlNEYXRhWE5TT2JqZWN00hscIiNcTlNEaWN0aW9uYXJ5oiIgXxAPTlNLZXllZEFyY2hpdmVy0SYnVHJvb3SAAQAIABEAGgAjAC0AMgA3AEAARgBNAFUAYABnAGoAbABuAHEAcwB1AHcAhACOAOcA7AD0AyADIgMnAzIDOwNJA00DVANdA2IDbwNyA4QDhwOMAAAAAAAAAgEAAAAAAAAAKAAAAAAAAAAAAAAAAAAAA44=}}

@article{Abbott:2012:2.-THE-FUTURE,
	Author = {Abbott, Roderick},
	Date-Added = {2013-02-26 15:57:00 +0000},
	Date-Modified = {2013-05-07 15:05:36 +0000},
	Journal = {The Future and the WTO: Confronting the Challenges},
	Pages = {10},
	Title = {2. THE FUTURE OF THE MULTILATERAL TRADING SYSTEM AND THE WTO},
	Ty = {JOUR},
	Year = {2012},
	Bdsk-File-1 = {YnBsaXN0MDDUAQIDBAUGJCVYJHZlcnNpb25YJG9iamVjdHNZJGFyY2hpdmVyVCR0b3ASAAGGoKgHCBMUFRYaIVUkbnVsbNMJCgsMDxJXTlMua2V5c1pOUy5vYmplY3RzViRjbGFzc6INDoACgAOiEBGABIAFgAdccmVsYXRpdmVQYXRoWWFsaWFzRGF0YV8QZC4uLy4uL1RoZXNpc19BcnRpY2xlcy9Eb2N1bWVudGVuL0FydGljbGVzL0FiYm90dC8yLiBUSEUgRlVUVVJFIE9GIFRIRSBNVUxUSUxBVEVSQUwgVFJBRElOR18yMDEyYS5wZGbSFwsYGVdOUy5kYXRhTxECUgAAAAACUgACAAAITWFjIE9TIFgAAAAAAAAAAAAAAAAAAAAAAAAAzYZB1UgrAAAACbetHzIuIFRIRSBGVVRVUkUgT0YgVEhFICM5RjcwMC5wZGYAAAAAAAAAAAAAAAAAAAAAAAAAAAAAAAAAAAAAAAAAAAAJ9wDNUoL9AAAAAAAAAAAAAgAFAAAJIAAAAAAAAAAAAAAAAAAAAAZBYmJvdHQAEAAIAADNhiW1AAAAEQAIAADNUnTtAAAAAQAcAAm3rQAJt5MACbduAAm3VgAJtlQABetdAAIQ1QACAG1NYWMgT1MgWDpVc2VyczoAZHVjbzoARHJvcGJveDoAVGhlc2lzX0FydGljbGVzOgBEb2N1bWVudGVuOgBBcnRpY2xlczoAQWJib3R0OgAyLiBUSEUgRlVUVVJFIE9GIFRIRSAjOUY3MDAucGRmAAAOAGgAMwAyAC4AIABUAEgARQAgAEYAVQBUAFUAUgBFACAATwBGACAAVABIAEUAIABNAFUATABUAEkATABBAFQARQBSAEEATAAgAFQAUgBBAEQASQBOAEcAXwAyADAAMQAyAGEALgBwAGQAZgAPABIACABNAGEAYwAgAE8AUwAgAFgAEgBxVXNlcnMvZHVjby9Ecm9wYm94L1RoZXNpc19BcnRpY2xlcy9Eb2N1bWVudGVuL0FydGljbGVzL0FiYm90dC8yLiBUSEUgRlVUVVJFIE9GIFRIRSBNVUxUSUxBVEVSQUwgVFJBRElOR18yMDEyYS5wZGYAABMAAS8AABUAAgAL//8AAIAG0hscHR5aJGNsYXNzbmFtZVgkY2xhc3Nlc11OU011dGFibGVEYXRhox0fIFZOU0RhdGFYTlNPYmplY3TSGxwiI1xOU0RpY3Rpb25hcnmiIiBfEA9OU0tleWVkQXJjaGl2ZXLRJidUcm9vdIABAAgAEQAaACMALQAyADcAQABGAE0AVQBgAGcAagBsAG4AcQBzAHUAdwCEAI4A9QD6AQIDWANaA18DagNzA4EDhQOMA5UDmgOnA6oDvAO/A8QAAAAAAAACAQAAAAAAAAAoAAAAAAAAAAAAAAAAAAADxg==}}

@article{Shaffer:2005:The-Role,
	Author = {Shaffer, Gregory C},
	Date-Added = {2013-02-26 15:55:17 +0000},
	Date-Modified = {2013-05-07 15:05:05 +0000},
	Journal = {World Trade Review},
	Number = {3},
	Pages = {429--438},
	Title = {The Role of the WTO Director-General and Secretariat},
	Ty = {JOUR},
	Volume = {4},
	Year = {2005},
	Bdsk-File-1 = {YnBsaXN0MDDUAQIDBAUGJCVYJHZlcnNpb25YJG9iamVjdHNZJGFyY2hpdmVyVCR0b3ASAAGGoKgHCBMUFRYaIVUkbnVsbNMJCgsMDxJXTlMua2V5c1pOUy5vYmplY3RzViRjbGFzc6INDoACgAOiEBGABIAFgAdccmVsYXRpdmVQYXRoWWFsaWFzRGF0YV8QcC4uLy4uL1RoZXNpc19BcnRpY2xlcy9Eb2N1bWVudGVuL0FydGljbGVzL1NoYWZmZXIvVGhlIFJvbGUgb2YgdGhlIFdUTyBEaXJlY3Rvci1HZW5lcmFsIGFuZCBTZWNyZXRhcmlhdF8yMDA1YS5wZGbSFwsYGVdOUy5kYXRhTxECdgAAAAACdgACAAAITWFjIE9TIFgAAAAAAAAAAAAAAAAAAAAAAAAAzYZB1UgrAAAACbevH1RoZSBSb2xlIG9mIHRoZSBXVE8gRCM5Q0IzQy5wZGYAAAAAAAAAAAAAAAAAAAAAAAAAAAAAAAAAAAAAAAAAAAAJyzzNW6KIUERGIAAAAAAAAgAFAAAJIAAAAAAAAAAAAAAAAAAAAAdTaGFmZmVyAAAQAAgAAM2GJbUAAAARAAgAAM1blHgAAAABABwACbevAAm3kwAJt24ACbdWAAm2VAAF610AAhDVAAIAbk1hYyBPUyBYOlVzZXJzOgBkdWNvOgBEcm9wYm94OgBUaGVzaXNfQXJ0aWNsZXM6AERvY3VtZW50ZW46AEFydGljbGVzOgBTaGFmZmVyOgBUaGUgUm9sZSBvZiB0aGUgV1RPIEQjOUNCM0MucGRmAA4AfgA+AFQAaABlACAAUgBvAGwAZQAgAG8AZgAgAHQAaABlACAAVwBUAE8AIABEAGkAcgBlAGMAdABvAHIALQBHAGUAbgBlAHIAYQBsACAAYQBuAGQAIABTAGUAYwByAGUAdABhAHIAaQBhAHQAXwAyADAAMAA1AGEALgBwAGQAZgAPABIACABNAGEAYwAgAE8AUwAgAFgAEgB9VXNlcnMvZHVjby9Ecm9wYm94L1RoZXNpc19BcnRpY2xlcy9Eb2N1bWVudGVuL0FydGljbGVzL1NoYWZmZXIvVGhlIFJvbGUgb2YgdGhlIFdUTyBEaXJlY3Rvci1HZW5lcmFsIGFuZCBTZWNyZXRhcmlhdF8yMDA1YS5wZGYAABMAAS8AABUAAgAL//8AAIAG0hscHR5aJGNsYXNzbmFtZVgkY2xhc3Nlc11OU011dGFibGVEYXRhox0fIFZOU0RhdGFYTlNPYmplY3TSGxwiI1xOU0RpY3Rpb25hcnmiIiBfEA9OU0tleWVkQXJjaGl2ZXLRJidUcm9vdIABAAgAEQAaACMALQAyADcAQABGAE0AVQBgAGcAagBsAG4AcQBzAHUAdwCEAI4BAQEGAQ4DiAOKA48DmgOjA7EDtQO8A8UDygPXA9oD7APvA/QAAAAAAAACAQAAAAAAAAAoAAAAAAAAAAAAAAAAAAAD9g==}}

@article{Barfield:2001:Free,
	Author = {Barfield, Claude E},
	Date-Added = {2013-02-26 15:53:59 +0000},
	Date-Modified = {2013-05-07 15:05:20 +0000},
	Journal = {Chi. J. Int'l L.},
	Pages = {403},
	Publisher = {HeinOnline},
	Title = {Free Trade, Sovereignty, Democracy: Future of the World Trade Organization},
	Ty = {JOUR},
	Volume = {2},
	Year = {2001},
	Bdsk-File-1 = {YnBsaXN0MDDUAQIDBAUGJCVYJHZlcnNpb25YJG9iamVjdHNZJGFyY2hpdmVyVCR0b3ASAAGGoKgHCBMUFRYaIVUkbnVsbNMJCgsMDxJXTlMua2V5c1pOUy5vYmplY3RzViRjbGFzc6INDoACgAOiEBGABIAFgAdccmVsYXRpdmVQYXRoWWFsaWFzRGF0YV8QVS4uLy4uL1RoZXNpc19BcnRpY2xlcy9Eb2N1bWVudGVuL0FydGljbGVzL0JhcmZpZWxkL0ZyZWUgVHJhZGUsIFNvdmVyZWlnbnR5LF8yMDAxYS5wZGbSFwsYGVdOUy5kYXRhTxECJAAAAAACJAACAAAITWFjIE9TIFgAAAAAAAAAAAAAAAAAAAAAAAAAzYZB1UgrAAAACbezH0ZyZWUgVHJhZGUsIFNvdmVyZWlnbiM5Q0Q1Mi5wZGYAAAAAAAAAAAAAAAAAAAAAAAAAAAAAAAAAAAAAAAAAAAAJzVLNUpkDUERGIENBUk8AAgAFAAAJIAAAAAAAAAAAAAAAAAAAAAhCYXJmaWVsZAAQAAgAAM2GJbUAAAARAAgAAM1SivMAAAABABwACbezAAm3kwAJt24ACbdWAAm2VAAF610AAhDVAAIAb01hYyBPUyBYOlVzZXJzOgBkdWNvOgBEcm9wYm94OgBUaGVzaXNfQXJ0aWNsZXM6AERvY3VtZW50ZW46AEFydGljbGVzOgBCYXJmaWVsZDoARnJlZSBUcmFkZSwgU292ZXJlaWduIzlDRDUyLnBkZgAADgBGACIARgByAGUAZQAgAFQAcgBhAGQAZQAsACAAUwBvAHYAZQByAGUAaQBnAG4AdAB5ACwAXwAyADAAMAAxAGEALgBwAGQAZgAPABIACABNAGEAYwAgAE8AUwAgAFgAEgBiVXNlcnMvZHVjby9Ecm9wYm94L1RoZXNpc19BcnRpY2xlcy9Eb2N1bWVudGVuL0FydGljbGVzL0JhcmZpZWxkL0ZyZWUgVHJhZGUsIFNvdmVyZWlnbnR5LF8yMDAxYS5wZGYAEwABLwAAFQACAAv//wAAgAbSGxwdHlokY2xhc3NuYW1lWCRjbGFzc2VzXU5TTXV0YWJsZURhdGGjHR8gVk5TRGF0YVhOU09iamVjdNIbHCIjXE5TRGljdGlvbmFyeaIiIF8QD05TS2V5ZWRBcmNoaXZlctEmJ1Ryb290gAEACAARABoAIwAtADIANwBAAEYATQBVAGAAZwBqAGwAbgBxAHMAdQB3AIQAjgDmAOsA8wMbAx0DIgMtAzYDRANIA08DWANdA2oDbQN/A4IDhwAAAAAAAAIBAAAAAAAAACgAAAAAAAAAAAAAAAAAAAOJ}}

@article{PETERSMANN:2011:The-Future,
	Author = {PETERSMANN, Ernst-Ulrich},
	Date-Added = {2013-02-26 15:49:53 +0000},
	Date-Modified = {2013-05-07 15:05:41 +0000},
	Journal = {Asian Journal of WTO \& International Health Law and Policy},
	Number = {1},
	Pages = {45--80},
	Title = {The Future of the WTO: From Authoritarian'Mercantilism'to Multilevel Governance for the Benefit of Citizens?},
	Ty = {JOUR},
	Volume = {6},
	Year = {2011},
	Bdsk-File-1 = {YnBsaXN0MDDUAQIDBAUGJCVYJHZlcnNpb25YJG9iamVjdHNZJGFyY2hpdmVyVCR0b3ASAAGGoKgHCBMUFRYaIVUkbnVsbNMJCgsMDxJXTlMua2V5c1pOUy5vYmplY3RzViRjbGFzc6INDoACgAOiEBGABIAFgAdccmVsYXRpdmVQYXRoWWFsaWFzRGF0YV8Qdy4uLy4uL1RoZXNpc19BcnRpY2xlcy9Eb2N1bWVudGVuL0FydGljbGVzL1BFVEVSU01BTk4vVGhlIEZ1dHVyZSBvZiB0aGUgV1RPIEZyb20gQXV0aG9yaXRhcmlhbidNZXJjYW50aWxpc20ndG9fMjAxMWEucGRm0hcLGBlXTlMuZGF0YU8RAooAAAAAAooAAgAACE1hYyBPUyBYAAAAAAAAAAAAAAAAAAAAAAAAAM2GQdVIKwAAAAm3uR9UaGUgRnV0dXJlIG9mIHRoZSBXVE8jOUNGNzIucGRmAAAAAAAAAAAAAAAAAAAAAAAAAAAAAAAAAAAAAAAAAAAACc9yzVKX/QAAAAAAAAAAAAIABQAACSAAAAAAAAAAAAAAAAAAAAAKUEVURVJTTUFOTgAQAAgAAM2GJbUAAAARAAgAAM1Sie0AAAABABwACbe5AAm3kwAJt24ACbdWAAm2VAAF610AAhDVAAIAcU1hYyBPUyBYOlVzZXJzOgBkdWNvOgBEcm9wYm94OgBUaGVzaXNfQXJ0aWNsZXM6AERvY3VtZW50ZW46AEFydGljbGVzOgBQRVRFUlNNQU5OOgBUaGUgRnV0dXJlIG9mIHRoZSBXVE8jOUNGNzIucGRmAAAOAIYAQgBUAGgAZQAgAEYAdQB0AHUAcgBlACAAbwBmACAAdABoAGUAIABXAFQATwAgAEYAcgBvAG0AIABBAHUAdABoAG8AcgBpAHQAYQByAGkAYQBuACcATQBlAHIAYwBhAG4AdABpAGwAaQBzAG0AJwB0AG8AXwAyADAAMQAxAGEALgBwAGQAZgAPABIACABNAGEAYwAgAE8AUwAgAFgAEgCEVXNlcnMvZHVjby9Ecm9wYm94L1RoZXNpc19BcnRpY2xlcy9Eb2N1bWVudGVuL0FydGljbGVzL1BFVEVSU01BTk4vVGhlIEZ1dHVyZSBvZiB0aGUgV1RPIEZyb20gQXV0aG9yaXRhcmlhbidNZXJjYW50aWxpc20ndG9fMjAxMWEucGRmABMAAS8AABUAAgAL//8AAIAG0hscHR5aJGNsYXNzbmFtZVgkY2xhc3Nlc11OU011dGFibGVEYXRhox0fIFZOU0RhdGFYTlNPYmplY3TSGxwiI1xOU0RpY3Rpb25hcnmiIiBfEA9OU0tleWVkQXJjaGl2ZXLRJidUcm9vdIABAAgAEQAaACMALQAyADcAQABGAE0AVQBgAGcAagBsAG4AcQBzAHUAdwCEAI4BCAENARUDowOlA6oDtQO+A8wD0APXA+AD5QPyA/UEBwQKBA8AAAAAAAACAQAAAAAAAAAoAAAAAAAAAAAAAAAAAAAEEQ==}}

@article{Lamy:2012:The-Future,
	Author = {Lamy, Pascal},
	Date-Added = {2013-02-26 15:42:05 +0000},
	Date-Modified = {2013-05-07 15:05:37 +0000},
	Title = {The Future of Europe in the New Global Economy},
	Ty = {JOUR},
	Year = {2012},
	Bdsk-File-1 = {YnBsaXN0MDDUAQIDBAUGJCVYJHZlcnNpb25YJG9iamVjdHNZJGFyY2hpdmVyVCR0b3ASAAGGoKgHCBMUFRYaIVUkbnVsbNMJCgsMDxJXTlMua2V5c1pOUy5vYmplY3RzViRjbGFzc6INDoACgAOiEBGABIAFgAdccmVsYXRpdmVQYXRoWWFsaWFzRGF0YV8QXy4uLy4uL1RoZXNpc19BcnRpY2xlcy9Eb2N1bWVudGVuL0FydGljbGVzL0xhbXkvVGhlIEZ1dHVyZSBvZiBFdXJvcGUgaW4gdGhlIE5ldyBHbG9iYWxfMjAxMmEucGRm0hcLGBlXTlMuZGF0YU8RAkIAAAAAAkIAAgAACE1hYyBPUyBYAAAAAAAAAAAAAAAAAAAAAAAAAM2GQdVIKwAAAAm3ox9UaGUgRnV0dXJlIG9mIEV1cm9wZSAjOUNERTgucGRmAAAAAAAAAAAAAAAAAAAAAAAAAAAAAAAAAAAAAAAAAAAACc3ozVKVuVBERiBDQVJPAAIABQAACSAAAAAAAAAAAAAAAAAAAAAETGFteQAQAAgAAM2GJbUAAAARAAgAAM1Sh6kAAAABABwACbejAAm3kwAJt24ACbdWAAm2VAAF610AAhDVAAIAa01hYyBPUyBYOlVzZXJzOgBkdWNvOgBEcm9wYm94OgBUaGVzaXNfQXJ0aWNsZXM6AERvY3VtZW50ZW46AEFydGljbGVzOgBMYW15OgBUaGUgRnV0dXJlIG9mIEV1cm9wZSAjOUNERTgucGRmAAAOAGIAMABUAGgAZQAgAEYAdQB0AHUAcgBlACAAbwBmACAARQB1AHIAbwBwAGUAIABpAG4AIAB0AGgAZQAgAE4AZQB3ACAARwBsAG8AYgBhAGwAXwAyADAAMQAyAGEALgBwAGQAZgAPABIACABNAGEAYwAgAE8AUwAgAFgAEgBsVXNlcnMvZHVjby9Ecm9wYm94L1RoZXNpc19BcnRpY2xlcy9Eb2N1bWVudGVuL0FydGljbGVzL0xhbXkvVGhlIEZ1dHVyZSBvZiBFdXJvcGUgaW4gdGhlIE5ldyBHbG9iYWxfMjAxMmEucGRmABMAAS8AABUAAgAL//8AAIAG0hscHR5aJGNsYXNzbmFtZVgkY2xhc3Nlc11OU011dGFibGVEYXRhox0fIFZOU0RhdGFYTlNPYmplY3TSGxwiI1xOU0RpY3Rpb25hcnmiIiBfEA9OU0tleWVkQXJjaGl2ZXLRJidUcm9vdIABAAgAEQAaACMALQAyADcAQABGAE0AVQBgAGcAagBsAG4AcQBzAHUAdwCEAI4A8AD1AP0DQwNFA0oDVQNeA2wDcAN3A4ADhQOSA5UDpwOqA68AAAAAAAACAQAAAAAAAAAoAAAAAAAAAAAAAAAAAAADsQ==}}

@article{Pauwelyn:2005:The-sutherland,
	Author = {Joost Pauwelyn},
	Date-Added = {2013-02-26 11:21:24 +0000},
	Date-Modified = {2013-05-07 15:05:06 +0000},
	Doi = {doi:10.1093/jielaw/jgi023},
	Journaltitle = {Journal of International Economic Law},
	Pages = {329-346},
	Series = {8},
	Title = {The sutherland report: a missed opportunity for genuine debate on trade, globalization and reforming the wto},
	Volume = {2},
	Year = {2005},
	Bdsk-File-1 = {YnBsaXN0MDDUAQIDBAUGJCVYJHZlcnNpb25YJG9iamVjdHNZJGFyY2hpdmVyVCR0b3ASAAGGoKgHCBMUFRYaIVUkbnVsbNMJCgsMDxJXTlMua2V5c1pOUy5vYmplY3RzViRjbGFzc6INDoACgAOiEBGABIAFgAdccmVsYXRpdmVQYXRoWWFsaWFzRGF0YV8QWi4uLy4uL1RoZXNpc19BcnRpY2xlcy9Eb2N1bWVudGVuL0FydGljbGVzL1BhdXdlbHluL2hlIHN1dGhlcmxhbmQgcmVwb3J0IGEgbWlzc2VkXzIwMDVhLnBkZtIXCxgZV05TLmRhdGFPEQI0AAAAAAI0AAIAAAhNYWMgT1MgWAAAAAAAAAAAAAAAAAAAAAAAAADNhkHVSCsAAAAJt7IfaGUgc3V0aGVybGFuZCByZXBvcnQgIzlDRDEwLnBkZgAAAAAAAAAAAAAAAAAAAAAAAAAAAAAAAAAAAAAAAAAAAAnNEM1SWHMAAAAAAAAAAAACAAUAAAkgAAAAAAAAAAAAAAAAAAAACFBhdXdlbHluABAACAAAzYYltQAAABEACAAAzVJKYwAAAAEAHAAJt7IACbeTAAm3bgAJt1YACbZUAAXrXQACENUAAgBvTWFjIE9TIFg6VXNlcnM6AGR1Y286AERyb3Bib3g6AFRoZXNpc19BcnRpY2xlczoARG9jdW1lbnRlbjoAQXJ0aWNsZXM6AFBhdXdlbHluOgBoZSBzdXRoZXJsYW5kIHJlcG9ydCAjOUNEMTAucGRmAAAOAFAAJwBoAGUAIABzAHUAdABoAGUAcgBsAGEAbgBkACAAcgBlAHAAbwByAHQAIABhACAAbQBpAHMAcwBlAGQAXwAyADAAMAA1AGEALgBwAGQAZgAPABIACABNAGEAYwAgAE8AUwAgAFgAEgBnVXNlcnMvZHVjby9Ecm9wYm94L1RoZXNpc19BcnRpY2xlcy9Eb2N1bWVudGVuL0FydGljbGVzL1BhdXdlbHluL2hlIHN1dGhlcmxhbmQgcmVwb3J0IGEgbWlzc2VkXzIwMDVhLnBkZgAAEwABLwAAFQACAAv//wAAgAbSGxwdHlokY2xhc3NuYW1lWCRjbGFzc2VzXU5TTXV0YWJsZURhdGGjHR8gVk5TRGF0YVhOU09iamVjdNIbHCIjXE5TRGljdGlvbmFyeaIiIF8QD05TS2V5ZWRBcmNoaXZlctEmJ1Ryb290gAEACAARABoAIwAtADIANwBAAEYATQBVAGAAZwBqAGwAbgBxAHMAdQB3AIQAjgDrAPAA+AMwAzIDNwNCA0sDWQNdA2QDbQNyA38DggOUA5cDnAAAAAAAAAIBAAAAAAAAACgAAAAAAAAAAAAAAAAAAAOe}}

@article{Duzgit:2011:Turkish,
	Author = {D{\"u}zgit, S.A. and Suvarierol, S.},
	Date-Added = {2012-11-30 08:04:35 +0000},
	Date-Modified = {2013-05-07 15:05:43 +0000},
	Journal = {South European Society and Politics},
	Number = {3},
	Pages = {469--482},
	Publisher = {Taylor \& Francis},
	Title = {Turkish Accession and Defining the Boundaries of Nationalism and Supranationalism: Discourses in the European Commission},
	Volume = {16},
	Year = {2011}}

@article{Eisenhardt:1991:Better,
	Author = {Eisenhardt, K.M.},
	Date-Added = {2012-11-30 09:04:32 +0000},
	Date-Modified = {2013-05-07 15:05:26 +0000},
	Journal = {Academy of Management review},
	Month = {July},
	Number = {3},
	Pages = {620-627},
	Publisher = {Academy of Management},
	Title = {Better stories and better constructs: The case for rigor and comparative logic.},
	Url = {http://www.jstor.org/stable/258921},
	Volume = {16},
	Year = {1991},
	Bdsk-File-1 = {YnBsaXN0MDDUAQIDBAUGJCVYJHZlcnNpb25YJG9iamVjdHNZJGFyY2hpdmVyVCR0b3ASAAGGoKgHCBMUFRYaIVUkbnVsbNMJCgsMDxJXTlMua2V5c1pOUy5vYmplY3RzViRjbGFzc6INDoACgAOiEBGABIAFgAdccmVsYXRpdmVQYXRoWWFsaWFzRGF0YV8QWC4uLy4uL1RoZXNpc19BcnRpY2xlcy9Eb2N1bWVudGVuL0FydGljbGVzL0Vpc2VuaGFyZHQvQmV0dGVyIHN0b3JpZXMgYW5kIGJldHRlcl8xOTkxYS5wZGbSFwsYGVdOUy5kYXRhTxECLgAAAAACLgACAAAITWFjIE9TIFgAAAAAAAAAAAAAAAAAAAAAAAAAzYZB1UgrAAAACbesH0JldHRlciBzdG9yaWVzIGFuZCBiZSM5Q0JFMC5wZGYAAAAAAAAAAAAAAAAAAAAAAAAAAAAAAAAAAAAAAAAAAAAJy+DM3ZQsAAAAAAAAAAAAAgAFAAAJIAAAAAAAAAAAAAAAAAAAAApFaXNlbmhhcmR0ABAACAAAzYYltQAAABEACAAAzN2GHAAAAAEAHAAJt6wACbeTAAm3bgAJt1YACbZUAAXrXQACENUAAgBxTWFjIE9TIFg6VXNlcnM6AGR1Y286AERyb3Bib3g6AFRoZXNpc19BcnRpY2xlczoARG9jdW1lbnRlbjoAQXJ0aWNsZXM6AEVpc2VuaGFyZHQ6AEJldHRlciBzdG9yaWVzIGFuZCBiZSM5Q0JFMC5wZGYAAA4ASAAjAEIAZQB0AHQAZQByACAAcwB0AG8AcgBpAGUAcwAgAGEAbgBkACAAYgBlAHQAdABlAHIAXwAxADkAOQAxAGEALgBwAGQAZgAPABIACABNAGEAYwAgAE8AUwAgAFgAEgBlVXNlcnMvZHVjby9Ecm9wYm94L1RoZXNpc19BcnRpY2xlcy9Eb2N1bWVudGVuL0FydGljbGVzL0Vpc2VuaGFyZHQvQmV0dGVyIHN0b3JpZXMgYW5kIGJldHRlcl8xOTkxYS5wZGYAABMAAS8AABUAAgAL//8AAIAG0hscHR5aJGNsYXNzbmFtZVgkY2xhc3Nlc11OU011dGFibGVEYXRhox0fIFZOU0RhdGFYTlNPYmplY3TSGxwiI1xOU0RpY3Rpb25hcnmiIiBfEA9OU0tleWVkQXJjaGl2ZXLRJidUcm9vdIABAAgAEQAaACMALQAyADcAQABGAE0AVQBgAGcAagBsAG4AcQBzAHUAdwCEAI4A6QDuAPYDKAMqAy8DOgNDA1EDVQNcA2UDagN3A3oDjAOPA5QAAAAAAAACAQAAAAAAAAAoAAAAAAAAAAAAAAAAAAADlg==},
	Bdsk-Url-1 = {http://www.jstor.org/stable/258921}}

@article{Eisenhardt:1989:Building,
	Abstract = {This paper describes the process of inducting theory using case studies-from
	specifying the research questions to reaching closure. Some features
	of the process, such as problem definition and construct validation,
	are similar to hypothesis-testing research. Others, such as within-case
	analysis and replication logic, are unique to the inductive, case-oriented
	process. Overall, the process described here is highly iterative
	and tightly linked to data. This research approach is especially
	appropriate in new topic areas. The resultant theory is often novel,
	testable, and empirically valid. Finally, framebreaking insights,
	the tests of good theory (e.g., parsimony, logical coherence), and
	convincing grounding in the evidence are the key criteria for evaluating
	this type of research.},
	Author = {Eisenhardt, Kathleen M.},
	Copyright = {Copyright {\copyright} 1989 Academy of Management},
	Date-Added = {2012-11-29 22:21:46 +0000},
	Date-Modified = {2013-05-07 15:05:27 +0000},
	Issn = {03637425},
	Journal = {Academy of Management Review},
	Jstor_Articletype = {research-article},
	Jstor_Formatteddate = {Oct., 1989},
	Language = {English},
	Number = {4},
	Pages = {pp. 532-550},
	Publisher = {Academy of Management},
	Title = {Building Theories from Case Study Research},
	Volume = {14},
	Year = {1989},
	Bdsk-File-1 = {YnBsaXN0MDDUAQIDBAUGJCVYJHZlcnNpb25YJG9iamVjdHNZJGFyY2hpdmVyVCR0b3ASAAGGoKgHCBMUFRYaIVUkbnVsbNMJCgsMDxJXTlMua2V5c1pOUy5vYmplY3RzViRjbGFzc6INDoACgAOiEBGABIAFgAdccmVsYXRpdmVQYXRoWWFsaWFzRGF0YV8QVS4uLy4uL1RoZXNpc19BcnRpY2xlcy9Eb2N1bWVudGVuL0FydGljbGVzL0Vpc2VuaGFyZHQvQnVpbGRpbmcgVGhlb3JpZXMgZnJvbV8xOTg5YS5wZGbSFwsYGVdOUy5kYXRhTxECJAAAAAACJAACAAAITWFjIE9TIFgAAAAAAAAAAAAAAAAAAAAAAAAAzYZB1UgrAAAACbesH0J1aWxkaW5nIFRoZW9yaWVzIGZybyM5Q0RFRC5wZGYAAAAAAAAAAAAAAAAAAAAAAAAAAAAAAAAAAAAAAAAAAAAJze3M3ZcdUERGIENBUk8AAgAFAAAJIAAAAAAAAAAAAAAAAAAAAApFaXNlbmhhcmR0ABAACAAAzYYltQAAABEACAAAzN2JDQAAAAEAHAAJt6wACbeTAAm3bgAJt1YACbZUAAXrXQACENUAAgBxTWFjIE9TIFg6VXNlcnM6AGR1Y286AERyb3Bib3g6AFRoZXNpc19BcnRpY2xlczoARG9jdW1lbnRlbjoAQXJ0aWNsZXM6AEVpc2VuaGFyZHQ6AEJ1aWxkaW5nIFRoZW9yaWVzIGZybyM5Q0RFRC5wZGYAAA4AQgAgAEIAdQBpAGwAZABpAG4AZwAgAFQAaABlAG8AcgBpAGUAcwAgAGYAcgBvAG0AXwAxADkAOAA5AGEALgBwAGQAZgAPABIACABNAGEAYwAgAE8AUwAgAFgAEgBiVXNlcnMvZHVjby9Ecm9wYm94L1RoZXNpc19BcnRpY2xlcy9Eb2N1bWVudGVuL0FydGljbGVzL0Vpc2VuaGFyZHQvQnVpbGRpbmcgVGhlb3JpZXMgZnJvbV8xOTg5YS5wZGYAEwABLwAAFQACAAv//wAAgAbSGxwdHlokY2xhc3NuYW1lWCRjbGFzc2VzXU5TTXV0YWJsZURhdGGjHR8gVk5TRGF0YVhOU09iamVjdNIbHCIjXE5TRGljdGlvbmFyeaIiIF8QD05TS2V5ZWRBcmNoaXZlctEmJ1Ryb290gAEACAARABoAIwAtADIANwBAAEYATQBVAGAAZwBqAGwAbgBxAHMAdQB3AIQAjgDmAOsA8wMbAx0DIgMtAzYDRANIA08DWANdA2oDbQN/A4IDhwAAAAAAAAIBAAAAAAAAACgAAAAAAAAAAAAAAAAAAAOJ},
	Bdsk-Url-1 = {http://www.jstor.org/stable/258557}}

@article{ELLINAS:2011:Supranationalism,
	Author = {ELLINAS, ANTONIS A. and SULEIMAN, EZRA N.},
	Date-Added = {2012-11-29 23:54:07 +0000},
	Date-Modified = {2013-05-07 15:04:49 +0000},
	Doi = {10.1111/j.1468-5965.2010.02164.x},
	Isbn = {1468-5965},
	Journal = {JCMS: Journal of Common Market Studies},
	Number = {5},
	Pages = {923--947},
	Publisher = {Blackwell Publishing Ltd},
	Title = {Supranationalism in a Transnational Bureaucracy: The Case of the European Commission},
	Ty = {JOUR},
	Volume = {49},
	Year = {2011},
	Bdsk-File-1 = {YnBsaXN0MDDUAQIDBAUGJCVYJHZlcnNpb25YJG9iamVjdHNZJGFyY2hpdmVyVCR0b3ASAAGGoKgHCBMUFRYaIVUkbnVsbNMJCgsMDxJXTlMua2V5c1pOUy5vYmplY3RzViRjbGFzc6INDoACgAOiEBGABIAFgAdccmVsYXRpdmVQYXRoWWFsaWFzRGF0YV8Qay4uLy4uL1RoZXNpc19BcnRpY2xlcy9Eb2N1bWVudGVuL0FydGljbGVzL0VMTElOQVMvU3VwcmFuYXRpb25hbGlzbSBpbiBhIFRyYW5zbmF0aW9uYWwgQnVyZWF1Y3JhY3lfMjAxMWEucGRm0hcLGBlXTlMuZGF0YU8RAmYAAAAAAmYAAgAACE1hYyBPUyBYAAAAAAAAAAAAAAAAAAAAAAAAAM2GQdVIKwAAAAm3oB9TdXByYW5hdGlvbmFsaXNtIGluIGEjOUNCRTgucGRmAAAAAAAAAAAAAAAAAAAAAAAAAAAAAAAAAAAAAAAAAAAACcvozNAZQgAAAAAAAAAAAAIABQAACSAAAAAAAAAAAAAAAAAAAAAHRUxMSU5BUwAAEAAIAADNhiW1AAAAEQAIAADM0AsyAAAAAQAcAAm3oAAJt5MACbduAAm3VgAJtlQABetdAAIQ1QACAG5NYWMgT1MgWDpVc2VyczoAZHVjbzoARHJvcGJveDoAVGhlc2lzX0FydGljbGVzOgBEb2N1bWVudGVuOgBBcnRpY2xlczoARUxMSU5BUzoAU3VwcmFuYXRpb25hbGlzbSBpbiBhIzlDQkU4LnBkZgAOAHQAOQBTAHUAcAByAGEAbgBhAHQAaQBvAG4AYQBsAGkAcwBtACAAaQBuACAAYQAgAFQAcgBhAG4AcwBuAGEAdABpAG8AbgBhAGwAIABCAHUAcgBlAGEAdQBjAHIAYQBjAHkAXwAyADAAMQAxAGEALgBwAGQAZgAPABIACABNAGEAYwAgAE8AUwAgAFgAEgB4VXNlcnMvZHVjby9Ecm9wYm94L1RoZXNpc19BcnRpY2xlcy9Eb2N1bWVudGVuL0FydGljbGVzL0VMTElOQVMvU3VwcmFuYXRpb25hbGlzbSBpbiBhIFRyYW5zbmF0aW9uYWwgQnVyZWF1Y3JhY3lfMjAxMWEucGRmABMAAS8AABUAAgAL//8AAIAG0hscHR5aJGNsYXNzbmFtZVgkY2xhc3Nlc11OU011dGFibGVEYXRhox0fIFZOU0RhdGFYTlNPYmplY3TSGxwiI1xOU0RpY3Rpb25hcnmiIiBfEA9OU0tleWVkQXJjaGl2ZXLRJidUcm9vdIABAAgAEQAaACMALQAyADcAQABGAE0AVQBgAGcAagBsAG4AcQBzAHUAdwCEAI4A/AEBAQkDcwN1A3oDhQOOA5wDoAOnA7ADtQPCA8UD1wPaA98AAAAAAAACAQAAAAAAAAAoAAAAAAAAAAAAAAAAAAAD4Q==},
	Bdsk-Url-1 = {http://dx.doi.org/10.1111/j.1468-5965.2010.02164.x}}

@article{Esty:2006:Good,
	Author = {Esty, D.},
	Date-Added = {2012-11-30 08:11:07 +0000},
	Date-Modified = {2013-05-07 15:05:03 +0000},
	Journal = {Yale Law Journal},
	Month = {May},
	Number = {7},
	Pages = {1490-1562},
	Title = {Good governance at the supranational scale: globalizing administrative law},
	Url = {http://www.jstor.org/stable/20455663},
	Volume = {115},
	Year = {2006},
	Bdsk-File-1 = {YnBsaXN0MDDUAQIDBAUGJCVYJHZlcnNpb25YJG9iamVjdHNZJGFyY2hpdmVyVCR0b3ASAAGGoKgHCBMUFRYaIVUkbnVsbNMJCgsMDxJXTlMua2V5c1pOUy5vYmplY3RzViRjbGFzc6INDoACgAOiEBGABIAFgAdccmVsYXRpdmVQYXRoWWFsaWFzRGF0YV8QXS4uLy4uL1RoZXNpc19BcnRpY2xlcy9Eb2N1bWVudGVuL0FydGljbGVzL0VzdHkvR29vZCBnb3Zlcm5hbmNlIGF0IHRoZSBzdXByYW5hdGlvbmFsXzIwMDZhLnBkZtIXCxgZV05TLmRhdGFPEQI8AAAAAAI8AAIAAAhNYWMgT1MgWAAAAAAAAAAAAAAAAAAAAAAAAADNhkHVSCsAAAAJt5YfR29vZCBnb3Zlcm5hbmNlIGF0IHRoIzlERTlFLnBkZgAAAAAAAAAAAAAAAAAAAAAAAAAAAAAAAAAAAAAAAAAAAAnenszeKVRQREYgQ0FSTwACAAUAAAkgAAAAAAAAAAAAAAAAAAAABEVzdHkAEAAIAADNhiW1AAAAEQAIAADM3htEAAAAAQAcAAm3lgAJt5MACbduAAm3VgAJtlQABetdAAIQ1QACAGtNYWMgT1MgWDpVc2VyczoAZHVjbzoARHJvcGJveDoAVGhlc2lzX0FydGljbGVzOgBEb2N1bWVudGVuOgBBcnRpY2xlczoARXN0eToAR29vZCBnb3Zlcm5hbmNlIGF0IHRoIzlERTlFLnBkZgAADgBeAC4ARwBvAG8AZAAgAGcAbwB2AGUAcgBuAGEAbgBjAGUAIABhAHQAIAB0AGgAZQAgAHMAdQBwAHIAYQBuAGEAdABpAG8AbgBhAGwAXwAyADAAMAA2AGEALgBwAGQAZgAPABIACABNAGEAYwAgAE8AUwAgAFgAEgBqVXNlcnMvZHVjby9Ecm9wYm94L1RoZXNpc19BcnRpY2xlcy9Eb2N1bWVudGVuL0FydGljbGVzL0VzdHkvR29vZCBnb3Zlcm5hbmNlIGF0IHRoZSBzdXByYW5hdGlvbmFsXzIwMDZhLnBkZgATAAEvAAAVAAIAC///AACABtIbHB0eWiRjbGFzc25hbWVYJGNsYXNzZXNdTlNNdXRhYmxlRGF0YaMdHyBWTlNEYXRhWE5TT2JqZWN00hscIiNcTlNEaWN0aW9uYXJ5oiIgXxAPTlNLZXllZEFyY2hpdmVy0SYnVHJvb3SAAQAIABEAGgAjAC0AMgA3AEAARgBNAFUAYABnAGoAbABuAHEAcwB1AHcAhACOAO4A8wD7AzsDPQNCA00DVgNkA2gDbwN4A30DigONA58DogOnAAAAAAAAAgEAAAAAAAAAKAAAAAAAAAAAAAAAAAAAA6k=},
	Bdsk-Url-1 = {http://www.jstor.org/stable/20455663}}

@book{kreppel2001european,
	Author = {Kreppel, A.},
	Date-Added = {2012-11-30 08:11:08 +0000},
	Date-Modified = {2012-11-30 08:11:08 +0000},
	Publisher = {Cambridge University Press},
	Title = {The European Parliament and Supranational Party System: a study in institutional development},
	Year = {2001}}

@article{Kroll:2005:History,
	Author = {Kroll, John H.},
	Copyright = {Copyright {\copyright} 2005 The Classical Association},
	Date-Added = {2012-10-24 19:59:06 +0000},
	Date-Modified = {2013-05-07 15:05:13 +0000},
	Issn = {0009840X},
	Journal = {The Classical Review},
	Jstor_Articletype = {book-review},
	Jstor_Formatteddate = {Mar., 2005},
	Language = {English},
	Number = {1},
	Pages = {pp. 344-346},
	Publisher = {Cambridge University Press on behalf of The Classical Association},
	Series = {New Series},
	Title = {History of Coinage},
	Volume = {55},
	Year = {2005},
	Bdsk-File-1 = {YnBsaXN0MDDUAQIDBAUGJCVYJHZlcnNpb25YJG9iamVjdHNZJGFyY2hpdmVyVCR0b3ASAAGGoKgHCBMUFRYaIVUkbnVsbNMJCgsMDxJXTlMua2V5c1pOUy5vYmplY3RzViRjbGFzc6INDoACgAOiEBGABIAFgAdccmVsYXRpdmVQYXRoWWFsaWFzRGF0YV8QTC4uLy4uL1RoZXNpc19BcnRpY2xlcy9Eb2N1bWVudGVuL0FydGljbGVzL0tyb2xsL0hpc3Rvcnkgb2YgQ29pbmFnZV8yMDA1Yi5wZGbSFwsYGVdOUy5kYXRhTxECCAAAAAACCAACAAAITWFjIE9TIFgAAAAAAAAAAAAAAAAAAAAAAAAAzYZB1UgrAAAACbebHEhpc3Rvcnkgb2YgQ29pbmFnZV8yMDA1Yi5wZGYAAAAAAAAAAAAAAAAAAAAAAAAAAAAAAAAAAAAAAAAAAAAAAAAJy9DM3iZxAAAAAAAAAAAAAgAFAAAJIAAAAAAAAAAAAAAAAAAAAAVLcm9sbAAAEAAIAADNhiW1AAAAEQAIAADM3hhhAAAAAQAcAAm3mwAJt5MACbduAAm3VgAJtlQABetdAAIQ1QACAGlNYWMgT1MgWDpVc2VyczoAZHVjbzoARHJvcGJveDoAVGhlc2lzX0FydGljbGVzOgBEb2N1bWVudGVuOgBBcnRpY2xlczoAS3JvbGw6AEhpc3Rvcnkgb2YgQ29pbmFnZV8yMDA1Yi5wZGYAAA4AOgAcAEgAaQBzAHQAbwByAHkAIABvAGYAIABDAG8AaQBuAGEAZwBlAF8AMgAwADAANQBiAC4AcABkAGYADwASAAgATQBhAGMAIABPAFMAIABYABIAWVVzZXJzL2R1Y28vRHJvcGJveC9UaGVzaXNfQXJ0aWNsZXMvRG9jdW1lbnRlbi9BcnRpY2xlcy9Lcm9sbC9IaXN0b3J5IG9mIENvaW5hZ2VfMjAwNWIucGRmAAATAAEvAAAVAAIAC///AACABtIbHB0eWiRjbGFzc25hbWVYJGNsYXNzZXNdTlNNdXRhYmxlRGF0YaMdHyBWTlNEYXRhWE5TT2JqZWN00hscIiNcTlNEaWN0aW9uYXJ5oiIgXxAPTlNLZXllZEFyY2hpdmVy0SYnVHJvb3SAAQAIABEAGgAjAC0AMgA3AEAARgBNAFUAYABnAGoAbABuAHEAcwB1AHcAhACOAN0A4gDqAvYC+AL9AwgDEQMfAyMDKgMzAzgDRQNIA1oDXQNiAAAAAAAAAgEAAAAAAAAAKAAAAAAAAAAAAAAAAAAAA2Q=},
	Bdsk-Url-1 = {http://www.jstor.org/stable/3662421}}

@book{Mises:2009:Theory,
	Author = {Mises, L.},
	Date-Added = {2012-10-26 15:44:44 +0000},
	Date-Modified = {2013-05-07 15:04:57 +0000},
	Isbn = {9781933550558},
	Publisher = {Ludwig Von Mises Institut},
	Title = {Theory of Money and Credit},
	Year = {2009},
	Bdsk-Url-1 = {http://books.google.ca/books?id=hHnIHlCm%5C_CcC}}

@article{Tallberg:2002:Delegation,
	Author = {Tallberg, J.},
	Date-Added = {2012-11-30 08:11:05 +0000},
	Date-Modified = {2013-05-07 15:05:18 +0000},
	Journal = {West European Politics},
	Number = {1},
	Pages = {23--46},
	Publisher = {Taylor \& Francis},
	Title = {Delegation to supranational institutions: why, how, and with what consequences?},
	Volume = {25},
	Year = {2002},
	Bdsk-File-1 = {YnBsaXN0MDDUAQIDBAUGJCVYJHZlcnNpb25YJG9iamVjdHNZJGFyY2hpdmVyVCR0b3ASAAGGoKgHCBMUFRYaIVUkbnVsbNMJCgsMDxJXTlMua2V5c1pOUy5vYmplY3RzViRjbGFzc6INDoACgAOiEBGABIAFgAdccmVsYXRpdmVQYXRoWWFsaWFzRGF0YV8QZS4uLy4uL1RoZXNpc19BcnRpY2xlcy9Eb2N1bWVudGVuL0FydGljbGVzL1RhbGxiZXJnL0RlbGVnYXRpb24gdG8gc3VwcmFuYXRpb25hbCBpbnN0aXR1dGlvbnNfMjAwMmEucGRm0hcLGBlXTlMuZGF0YU8RAlQAAAAAAlQAAgAACE1hYyBPUyBYAAAAAAAAAAAAAAAAAAAAAAAAAM2GQdVIKwAAAAm3oR9EZWxlZ2F0aW9uIHRvIHN1cHJhbmEjOUM5RTYucGRmAAAAAAAAAAAAAAAAAAAAAAAAAAAAAAAAAAAAAAAAAAAACcnmzN4voFBERiBDQVJPAAIABQAACSAAAAAAAAAAAAAAAAAAAAAIVGFsbGJlcmcAEAAIAADNhiW1AAAAEQAIAADM3iGQAAAAAQAcAAm3oQAJt5MACbduAAm3VgAJtlQABetdAAIQ1QACAG9NYWMgT1MgWDpVc2VyczoAZHVjbzoARHJvcGJveDoAVGhlc2lzX0FydGljbGVzOgBEb2N1bWVudGVuOgBBcnRpY2xlczoAVGFsbGJlcmc6AERlbGVnYXRpb24gdG8gc3VwcmFuYSM5QzlFNi5wZGYAAA4AZgAyAEQAZQBsAGUAZwBhAHQAaQBvAG4AIAB0AG8AIABzAHUAcAByAGEAbgBhAHQAaQBvAG4AYQBsACAAaQBuAHMAdABpAHQAdQB0AGkAbwBuAHMAXwAyADAAMAAyAGEALgBwAGQAZgAPABIACABNAGEAYwAgAE8AUwAgAFgAEgByVXNlcnMvZHVjby9Ecm9wYm94L1RoZXNpc19BcnRpY2xlcy9Eb2N1bWVudGVuL0FydGljbGVzL1RhbGxiZXJnL0RlbGVnYXRpb24gdG8gc3VwcmFuYXRpb25hbCBpbnN0aXR1dGlvbnNfMjAwMmEucGRmABMAAS8AABUAAgAL//8AAIAG0hscHR5aJGNsYXNzbmFtZVgkY2xhc3Nlc11OU011dGFibGVEYXRhox0fIFZOU0RhdGFYTlNPYmplY3TSGxwiI1xOU0RpY3Rpb25hcnmiIiBfEA9OU0tleWVkQXJjaGl2ZXLRJidUcm9vdIABAAgAEQAaACMALQAyADcAQABGAE0AVQBgAGcAagBsAG4AcQBzAHUAdwCEAI4A9gD7AQMDWwNdA2IDbQN2A4QDiAOPA5gDnQOqA60DvwPCA8cAAAAAAAACAQAAAAAAAAAoAAAAAAAAAAAAAAAAAAADyQ==}}

@article{Tsebelis:2001:The-Institutional,
	Abstract = {We present a unified model of the politics of the European Union (EU).
	We focus on the effects of the EU's changing treaty base (from the
	Rome to Amsterdam Treaties) on the relations among its three supranational
	institutions-the Commission of the European Communities, the European
	Court of Justice, and the European Parliament-and between these actors
	and the intergovernmental Council of Ministers. We analyze these
	institutional interactions in terms of the interrelationships among
	the three core functions of the modern state: to legislate and formulate
	policy (legislative branch), to administer and implement policy (executive
	branch), and to interpret policy and adjudicate disputes (judicial
	branch). Our analysis demonstrates that the evolution of the EU'
	s political system has not always been linear. For example, we explain
	why the Court's influence was greatest before the passage of the
	Single European Act and declined in the following decade, and why
	we expect it to increase again in the aftermath of the Amsterdam
	Treaty. We also explain why the Commission became a powerful legislative
	agenda setter after the Single European Act and why its power today
	stems more from administrative discretion than from influence over
	legislation.},
	Author = {Tsebelis, George and Garrett, Geoffrey},
	Copyright = {Copyright {\copyright} 2001 The MIT Press},
	Date-Added = {2012-11-29 23:41:20 +0000},
	Date-Modified = {2013-05-07 15:05:23 +0000},
	Issn = {00208183},
	Journal = {International Organization},
	Jstor_Articletype = {research-article},
	Jstor_Formatteddate = {Spring, 2001},
	Language = {English},
	Number = {2},
	Pages = {357-390},
	Publisher = {The MIT Press},
	Title = {The Institutional Foundations of Intergovernmentalism and Supranationalism in the European Union},
	Url = {http://www.jstor.org/stable/3078635},
	Volume = {55},
	Year = {2001},
	Bdsk-File-1 = {YnBsaXN0MDDUAQIDBAUGJCVYJHZlcnNpb25YJG9iamVjdHNZJGFyY2hpdmVyVCR0b3ASAAGGoKgHCBMUFRYaIVUkbnVsbNMJCgsMDxJXTlMua2V5c1pOUy5vYmplY3RzViRjbGFzc6INDoACgAOiEBGABIAFgAdccmVsYXRpdmVQYXRoWWFsaWFzRGF0YV8Qci4uLy4uL1RoZXNpc19BcnRpY2xlcy9Eb2N1bWVudGVuL0FydGljbGVzL1RzZWJlbGlzL1RoZSBJbnN0aXR1dGlvbmFsIEZvdW5kYXRpb25zIG9mIEludGVyZ292ZXJubWVudGFsaXNtXzIwMDFhLnBkZtIXCxgZV05TLmRhdGFPEQJ8AAAAAAJ8AAIAAAhNYWMgT1MgWAAAAAAAAAAAAAAAAAAAAAAAAADNhkHVSCsAAAAJt6IfVGhlIEluc3RpdHV0aW9uYWwgRm91IzlDRkQ0LnBkZgAAAAAAAAAAAAAAAAAAAAAAAAAAAAAAAAAAAAAAAAAAAAnP1MzeJlsAAAAAAAAAAAACAAUAAAkgAAAAAAAAAAAAAAAAAAAACFRzZWJlbGlzABAACAAAzYYltQAAABEACAAAzN4YSwAAAAEAHAAJt6IACbeTAAm3bgAJt1YACbZUAAXrXQACENUAAgBvTWFjIE9TIFg6VXNlcnM6AGR1Y286AERyb3Bib3g6AFRoZXNpc19BcnRpY2xlczoARG9jdW1lbnRlbjoAQXJ0aWNsZXM6AFRzZWJlbGlzOgBUaGUgSW5zdGl0dXRpb25hbCBGb3UjOUNGRDQucGRmAAAOAIAAPwBUAGgAZQAgAEkAbgBzAHQAaQB0AHUAdABpAG8AbgBhAGwAIABGAG8AdQBuAGQAYQB0AGkAbwBuAHMAIABvAGYAIABJAG4AdABlAHIAZwBvAHYAZQByAG4AbQBlAG4AdABhAGwAaQBzAG0AXwAyADAAMAAxAGEALgBwAGQAZgAPABIACABNAGEAYwAgAE8AUwAgAFgAEgB/VXNlcnMvZHVjby9Ecm9wYm94L1RoZXNpc19BcnRpY2xlcy9Eb2N1bWVudGVuL0FydGljbGVzL1RzZWJlbGlzL1RoZSBJbnN0aXR1dGlvbmFsIEZvdW5kYXRpb25zIG9mIEludGVyZ292ZXJubWVudGFsaXNtXzIwMDFhLnBkZgAAEwABLwAAFQACAAv//wAAgAbSGxwdHlokY2xhc3NuYW1lWCRjbGFzc2VzXU5TTXV0YWJsZURhdGGjHR8gVk5TRGF0YVhOU09iamVjdNIbHCIjXE5TRGljdGlvbmFyeaIiIF8QD05TS2V5ZWRBcmNoaXZlctEmJ1Ryb290gAEACAARABoAIwAtADIANwBAAEYATQBVAGAAZwBqAGwAbgBxAHMAdQB3AIQAjgEDAQgBEAOQA5IDlwOiA6sDuQO9A8QDzQPSA98D4gP0A/cD/AAAAAAAAAIBAAAAAAAAACgAAAAAAAAAAAAAAAAAAAP+},
	Bdsk-Url-1 = {http://www.jstor.org/stable/3078635},
	Bdsk-Url-2 = {http://www.jstor.org/stable/3078635}}

@book{Watson2005Ideas,
	Author = {Watson, P.},
	Date-Added = {2012-10-24 14:59:48 +0000},
	Date-Modified = {2013-05-08 12:53:04 +0000},
	Isbn = {9780066210643},
	Keywords = {Trade History},
	Lccn = {2005050255},
	Publisher = {HarperCollins},
	Title = {Ideas: A History of Thought and Invention, from Fire to Freud},
	Year = {2005},
	Bdsk-Url-1 = {http://books.google.nl/books?id=gYlrQgAACAAJ}}

@other{WTO:2012:What,
	Author = {WTO},
	Date-Added = {2012-11-05 11:56:55 +0000},
	Date-Modified = {2013-05-07 15:05:39 +0000},
	Editor = {WTO},
	Title = {What is the World Trade Organization?},
	Url = {http://wto.org/english/thewto_e/whatis_e/tif_e/fact1_e.htm},
	Year = {2012},
	Bdsk-Url-1 = {http://wto.org/english/thewto_e/whatis_e/tif_e/fact1_e.htm}}

@other{WTO,
	Author = {WTO},
	Date-Added = {2012-10-23 09:59:32 +0000},
	Date-Modified = {2012-11-05 12:02:13 +0000},
	Keywords = {GATT WTO},
	Title = {GATT to WTO},
	Year = {2012},
	Bdsk-Url-1 = {http://wto.org/english/thewto_e/whatis_e/tif_e/fact1_e.htm}}

@other{WTO_History,
	Author = {WTO},
	Date-Added = {2012-10-23 07:49:28 +0000},
	Date-Modified = {2012-10-27 11:45:59 +0000},
	Keywords = {WTO History},
	Lastchecked = {23-10-20012},
	Title = {WTO history},
	Year = {2012},
	Bdsk-Url-1 = {http://www.wto.org/english/thewto_e/whatis_e/tif_e/fact4_e.htm}}
