@phdthesis{Dung:2012,
	Author = {D{\~u}ng, Ng{\^o} Vi},
	Title = {{An Institution-Based View of the Competitive Advantage of Firms in Emerging and Transition Economies}},
		Year = {2012}
	     }  